day;timestamp;product;bid_price_1;bid_volume_1;bid_price_2;bid_volume_2;bid_price_3;bid_volume_3;ask_price_1;ask_volume_1;ask_price_2;ask_volume_2;ask_price_3;ask_volume_3;mid_price;profit_and_loss
0;0;AMETHYSTS;9998;9;9995;23;;;10005;23;;;;;10001.5;0.0
0;0;STARFRUIT;5036;23;;;;;5043;23;;;;;5039.5;0.0
0;100;AMETHYSTS;10002;1;10000;2;9998;4;10004;1;10005;21;;;10003.0;0.0
0;100;STARFRUIT;5042;1;5039;2;5037;1;5043;22;;;;;5042.5;0.0
0;200;AMETHYSTS;9996;1;9995;21;;;10004;1;10005;21;;;10000.0;2.0
0;200;STARFRUIT;5037;1;5036;21;;;5043;1;5044;21;;;5040.0;2.01611328125
0;300;STARFRUIT;5042;1;5037;26;;;5044;26;;;;;5043.0;2.0595703125
0;300;AMETHYSTS;9995;26;;;;;10005;26;;;;;10000.0;2.0
0;400;AMETHYSTS;9998;8;9996;2;9995;26;10004;2;10005;26;;;10001.0;2.0
0;400;STARFRUIT;5037;28;;;;;5044;28;;;;;5040.5;3.671875
0;500;AMETHYSTS;9998;8;9996;1;9995;23;10004;1;10005;23;;;10001.0;2.0
0;500;STARFRUIT;5037;24;;;;;5042;3;5044;24;;;5039.5;2.955078125
0;600;AMETHYSTS;9996;2;9995;28;;;10004;2;10005;28;;;10000.0;2.0
0;600;STARFRUIT;5041;5;5037;30;;;5044;30;;;;;5042.5;3.5546875
0;700;STARFRUIT;5036;22;;;;;5043;23;;;;;5039.5;5.38671875
0;700;AMETHYSTS;9996;1;9995;22;;;10004;1;10005;22;;;10000.0;2.0
0;800;AMETHYSTS;9996;1;9995;24;;;10000;3;10004;1;10005;24;9998.0;2.0
0;800;STARFRUIT;5036;25;;;;;5039;3;5043;25;;;5037.5;6.615234375
0;900;AMETHYSTS;9996;1;9995;20;;;9998;11;10004;1;10005;20;9997.0;2.0
0;900;STARFRUIT;5036;21;;;;;5043;21;;;;;5039.5;7.9580078125
0;1000;AMETHYSTS;9996;1;9995;30;;;10004;1;10005;30;;;10000.0;24.0
0;1000;STARFRUIT;5037;1;5036;30;;;5043;31;;;;;5040.0;7.443359375
0;1100;STARFRUIT;5037;22;;;;;5043;1;5044;21;;;5040.0;6.7568359375
0;1100;AMETHYSTS;9996;1;9995;21;;;10002;6;10004;1;10005;21;9999.0;24.0
0;1200;AMETHYSTS;9996;1;9995;22;;;10004;1;10005;22;;;10000.0;24.0
0;1200;STARFRUIT;5036;23;;;;;5037;1;5043;23;;;5036.5;7.703125
0;1300;AMETHYSTS;10002;1;9995;25;;;10005;25;;;;;10003.5;24.0
0;1300;STARFRUIT;5036;25;;;;;5043;25;;;;;5039.5;10.80859375
0;1400;AMETHYSTS;9995;23;;;;;10000;6;10005;23;;;9997.5;26.0
0;1400;STARFRUIT;5036;23;;;;;5039;6;5043;23;;;5037.5;10.75
0;1500;STARFRUIT;5041;1;5036;21;;;5043;21;;;;;5042.0;10.611328125
0;1500;AMETHYSTS;9996;1;9995;20;;;9998;4;10004;1;10005;20;9997.0;26.0
0;1600;AMETHYSTS;9996;2;9995;28;;;10004;2;10005;28;;;10000.0;34.0
0;1600;STARFRUIT;5037;30;;;;;5043;2;5044;28;;;5040.0;10.6875
0;1700;AMETHYSTS;9995;28;;;;;10005;28;;;;;10000.0;34.0
0;1700;STARFRUIT;5036;28;;;;;5041;8;5043;28;;;5038.5;11.341796875
0;1800;AMETHYSTS;10000;4;9995;23;;;10002;10;10005;23;;;10001.0;34.0
0;1800;STARFRUIT;5040;4;5036;23;;;5044;23;;;;;5042.0;10.994140625
0;1900;STARFRUIT;5036;31;;;;;5043;32;;;;;5039.5;12.4111328125
0;1900;AMETHYSTS;9996;2;9995;30;;;10004;2;10005;30;;;10000.0;34.0
0;2000;AMETHYSTS;9996;2;9995;21;;;10004;2;10005;21;;;10000.0;34.0
0;2000;STARFRUIT;5036;23;;;;;5043;23;;;;;5039.5;12.2861328125
0;2100;AMETHYSTS;9996;2;9995;26;;;10004;2;10005;26;;;10000.0;34.0
0;2100;STARFRUIT;5036;28;;;;;5041;5;5043;28;;;5038.5;12.189453125
0;2200;AMETHYSTS;9996;1;9995;20;;;9998;4;10004;1;10005;20;9997.0;34.0
0;2200;STARFRUIT;5037;4;5036;21;;;5043;21;;;;;5040.0;12.357421875
0;2300;STARFRUIT;5038;5;5037;24;;;5043;2;5044;22;;;5040.5;10.7421875
0;2300;AMETHYSTS;9996;2;9995;22;;;10004;2;10005;22;;;10000.0;42.0
0;2400;AMETHYSTS;9996;2;9995;20;;;10004;2;10005;20;;;10000.0;42.0
0;2400;STARFRUIT;5037;22;;;;;5043;2;5044;20;;;5040.0;10.75390625
0;2500;AMETHYSTS;9998;3;9996;2;9995;21;10004;2;10005;21;;;10001.0;42.0
0;2500;STARFRUIT;5036;23;;;;;5043;23;;;;;5039.5;12.08203125
0;2600;AMETHYSTS;10002;1;9996;1;9995;29;10004;1;10005;29;;;10003.0;42.0
0;2600;STARFRUIT;5035;30;;;;;5042;30;;;;;5038.5;14.4013671875
0;2700;STARFRUIT;5036;7;5035;23;;;5041;2;5042;21;;;5038.5;14.7470703125
0;2700;AMETHYSTS;9998;7;9996;2;9995;21;10004;2;10005;21;;;10001.0;44.0
0;2800;AMETHYSTS;9995;27;;;;;10005;27;;;;;10000.0;44.0
0;2800;STARFRUIT;5035;27;;;;;5042;27;;;;;5038.5;13.8359375
0;2900;AMETHYSTS;9996;2;9995;20;;;10004;2;10005;20;;;10000.0;44.0
0;2900;STARFRUIT;5035;22;;;;;5042;22;;;;;5038.5;14.083984375
0;3000;AMETHYSTS;9996;1;9995;29;;;10004;1;10005;29;;;10000.0;44.0
0;3000;STARFRUIT;5040;1;5035;6;5034;29;5041;30;;;;;5040.5;15.4287109375
0;3100;STARFRUIT;5035;1;5034;27;;;5041;28;;;;;5038.0;17.400390625
0;3100;AMETHYSTS;9998;5;9996;1;9995;27;10004;1;10005;27;;;10001.0;44.0
0;3200;STARFRUIT;5035;24;;;;;5038;5;5042;24;;;5036.5;16.4111328125
0;3200;AMETHYSTS;10002;2;9995;24;;;10005;24;;;;;10003.5;44.0
0;3300;AMETHYSTS;10002;1;9996;1;9995;24;10004;1;10005;24;;;10003.0;48.0
0;3300;STARFRUIT;5034;25;;;;;5041;25;;;;;5037.5;18.1103515625
0;3400;STARFRUIT;5034;29;;;;;5041;29;;;;;5037.5;18.203125
0;3400;AMETHYSTS;9998;10;9996;2;9995;27;10004;2;10005;27;;;10001.0;50.0
0;3500;STARFRUIT;5034;26;;;;;5041;26;;;;;5037.5;18.0546875
0;3500;AMETHYSTS;9995;26;;;;;10002;10;10005;26;;;9998.5;50.0
0;3600;STARFRUIT;5034;27;;;;;5041;27;;;;;5037.5;18.55859375
0;3600;AMETHYSTS;9995;27;;;;;10002;8;10005;27;;;9998.5;50.0
0;3700;AMETHYSTS;9998;3;9995;25;;;10005;25;;;;;10001.5;50.0
0;3700;STARFRUIT;5034;25;;;;;5041;25;;;;;5037.5;17.48046875
0;3800;STARFRUIT;5034;24;;;;;5039;7;5041;24;;;5036.5;17.861328125
0;3800;AMETHYSTS;9995;24;;;;;10005;24;;;;;10000.0;50.0
0;3900;STARFRUIT;5035;1;5034;26;;;5040;2;5041;24;;;5037.5;19.53515625
0;3900;AMETHYSTS;9996;2;9995;24;;;10004;2;10005;24;;;10000.0;50.0
0;4000;STARFRUIT;5034;30;;;;;5041;31;;;;;5037.5;18.796875
0;4000;AMETHYSTS;10002;1;9996;1;9995;30;10004;1;10005;30;;;10003.0;50.0
0;4100;AMETHYSTS;10000;5;9996;2;9995;22;10002;4;10004;2;10005;22;10001.0;52.0
0;4100;STARFRUIT;5037;5;5035;2;5034;22;5041;24;;;;;5039.0;17.0849609375
0;4200;STARFRUIT;5034;29;;;;;5039;7;5041;29;;;5036.5;18.880859375
0;4200;AMETHYSTS;10002;5;9996;1;9995;28;10004;1;10005;28;;;10003.0;52.0
0;4300;STARFRUIT;5034;26;;;;;5036;2;5041;26;;;5035.0;17.09765625
0;4300;AMETHYSTS;9995;26;;;;;10002;8;10005;26;;;9998.5;62.0
0;4400;STARFRUIT;5035;28;;;;;5042;28;;;;;5038.5;20.72509765625
0;4400;AMETHYSTS;9995;28;;;;;10005;28;;;;;10000.0;62.0
0;4500;AMETHYSTS;9995;26;;;;;10005;26;;;;;10000.0;62.0
0;4500;STARFRUIT;5035;26;;;;;5040;8;5042;26;;;5037.5;20.712890625
0;4600;STARFRUIT;5035;21;;;;;5040;3;5042;21;;;5037.5;20.8232421875
0;4600;AMETHYSTS;9995;21;;;;;10005;21;;;;;10000.0;62.0
0;4700;STARFRUIT;5034;26;;;;;5041;26;;;;;5037.5;21.609375
0;4700;AMETHYSTS;9998;5;9995;26;;;10005;26;;;;;10001.5;62.0
0;4800;STARFRUIT;5039;1;5035;7;5034;23;5041;23;;;;;5040.0;21.5654296875
0;4800;AMETHYSTS;9996;1;9995;22;;;10004;1;10005;22;;;10000.0;62.0
0;4900;AMETHYSTS;9996;2;9995;22;;;10004;2;10005;22;;;10000.0;62.0
0;4900;STARFRUIT;5033;24;;;;;5038;6;5040;24;;;5035.5;24.708984375
0;5000;STARFRUIT;5033;6;5032;30;;;5039;31;;;;;5036.0;26.21484375
0;5000;AMETHYSTS;9998;9;9996;1;9995;30;10004;1;10005;30;;;10001.0;62.0
0;5100;STARFRUIT;5032;26;;;;;5039;26;;;;;5035.5;26.306640625
0;5100;AMETHYSTS;9995;26;;;;;10005;26;;;;;10000.0;62.0
0;5200;STARFRUIT;5035;5;5033;8;5032;23;5039;25;;;;;5037.0;26.3544921875
0;5200;AMETHYSTS;10000;5;9998;7;9996;2;10004;2;10005;23;;;10002.0;62.0
0;5300;AMETHYSTS;9995;22;;;;;9998;12;10005;22;;;9996.5;62.0
0;5300;STARFRUIT;5032;22;;;;;5039;22;;;;;5035.5;26.958984375
0;5400;STARFRUIT;5032;30;;;;;5039;30;;;;;5035.5;26.5029296875
0;5400;AMETHYSTS;9995;30;;;;;10005;30;;;;;10000.0;86.0
0;5500;AMETHYSTS;9996;1;9995;28;;;10004;1;10005;28;;;10000.0;88.0
0;5500;STARFRUIT;5032;29;;;;;5033;8;5039;29;;;5032.5;27.859375
0;5600;AMETHYSTS;9998;2;9996;2;9995;23;10004;2;10005;23;;;10001.0;92.0
0;5600;STARFRUIT;5032;25;;;;;5038;2;5039;23;;;5035.0;46.3203125
0;5700;AMETHYSTS;9996;1;9995;30;;;10004;1;10005;30;;;10000.0;92.0
0;5700;STARFRUIT;5032;3;5031;31;;;5038;31;;;;;5035.0;43.44921875
0;5800;STARFRUIT;5031;30;;;;;5038;30;;;;;5034.5;44.23828125
0;5800;AMETHYSTS;9996;2;9995;28;;;10004;2;10005;28;;;10000.0;92.0
0;5900;AMETHYSTS;9996;2;9995;21;;;10004;2;10005;21;;;10000.0;92.0
0;5900;STARFRUIT;5031;23;;;;;5038;23;;;;;5034.5;44.8203125
0;6000;AMETHYSTS;9995;30;;;;;10002;10;10005;30;;;9998.5;92.0
0;6000;STARFRUIT;5031;30;;;;;5038;30;;;;;5034.5;44.302734375
0;6100;AMETHYSTS;9996;1;9995;24;;;10004;1;10005;24;;;10000.0;92.0
0;6100;STARFRUIT;5031;25;;;;;5037;1;5038;24;;;5034.0;41.41015625
0;6200;STARFRUIT;5036;1;5031;30;;;5038;30;;;;;5037.0;42.234375
0;6200;AMETHYSTS;9998;3;9996;1;9995;29;10004;1;10005;29;;;10001.0;92.0
0;6300;AMETHYSTS;9995;22;;;;;10005;22;;;;;10000.0;92.0
0;6300;STARFRUIT;5030;22;;;;;5037;22;;;;;5033.5;41.51171875
0;6400;AMETHYSTS;9996;1;9995;23;;;10002;6;10004;1;10005;23;9999.0;92.0
0;6400;STARFRUIT;5030;24;;;;;5036;1;5037;23;;;5033.0;59.97265625
0;6500;AMETHYSTS;9995;22;;;;;10005;22;;;;;10000.0;92.0
0;6500;STARFRUIT;5029;22;;;;;5036;22;;;;;5032.5;61.19140625
0;6600;STARFRUIT;5030;29;;;;;5031;7;5036;2;5037;27;5030.5;59.81640625
0;6600;AMETHYSTS;9996;2;9995;27;;;10004;2;10005;27;;;10000.0;92.0
0;6700;AMETHYSTS;9996;1;9995;30;;;10004;1;10005;30;;;10000.0;92.0
0;6700;STARFRUIT;5030;1;5029;30;;;5034;7;5036;31;;;5032.0;75.0
0;6800;AMETHYSTS;10000;5;9996;2;9995;29;10004;2;10005;29;;;10002.0;94.0
0;6800;STARFRUIT;5033;4;5030;31;;;5037;31;;;;;5035.0;75.0
0;6900;AMETHYSTS;9996;2;9995;27;;;10004;2;10005;27;;;10000.0;94.0
0;6900;STARFRUIT;5030;29;;;;;5035;3;5037;29;;;5032.5;75.0
0;7000;STARFRUIT;5030;8;5029;30;;;5036;31;;;;;5033.0;75.0
0;7000;AMETHYSTS;9996;1;9995;30;;;10004;1;10005;30;;;10000.0;94.0
0;7100;AMETHYSTS;9996;1;9995;30;;;9998;5;10002;7;10004;1;9997.0;94.0
0;7100;STARFRUIT;5030;1;5029;30;;;5036;31;;;;;5033.0;75.0
0;7200;AMETHYSTS;9996;1;9995;22;;;10002;1;10004;1;10005;22;9999.0;104.0
0;7200;STARFRUIT;5031;6;5030;23;;;5036;1;5037;22;;;5033.5;75.0
0;7300;AMETHYSTS;9996;1;9995;25;;;10004;1;10005;25;;;10000.0;104.0
0;7300;STARFRUIT;5030;26;;;;;5036;1;5037;25;;;5033.0;75.0
0;7400;STARFRUIT;5030;22;;;;;5037;22;;;;;5033.5;75.0
0;7400;AMETHYSTS;10002;1;9995;22;;;10005;22;;;;;10003.5;104.0
0;7500;AMETHYSTS;9995;29;;;;;10005;29;;;;;10000.0;106.0
0;7500;STARFRUIT;5030;29;;;;;5035;3;5037;29;;;5032.5;90.18359375
0;7600;AMETHYSTS;10002;1;9995;27;;;10005;27;;;;;10003.5;106.0
0;7600;STARFRUIT;5031;27;;;;;5038;27;;;;;5034.5;84.35546875
0;7700;STARFRUIT;5030;26;;;;;5037;26;;;;;5033.5;91.64453125
0;7700;AMETHYSTS;9996;1;9995;25;;;10002;5;10004;1;10005;25;9999.0;108.0
0;7800;AMETHYSTS;9995;23;;;;;10005;23;;;;;10000.0;108.0
0;7800;STARFRUIT;5031;1;5030;23;;;5037;23;;;;;5034.0;91.3125
0;7900;AMETHYSTS;9996;2;9995;22;;;10002;7;10004;2;10005;22;9999.0;108.0
0;7900;STARFRUIT;5030;24;;;;;5037;24;;;;;5033.5;95.19140625
0;8000;AMETHYSTS;10000;3;9996;2;9995;28;10004;2;10005;28;;;10002.0;108.0
0;8000;STARFRUIT;5036;1;5033;3;5031;2;5037;30;;;;;5036.5;86.3125
0;8100;STARFRUIT;5030;25;;;;;5037;25;;;;;5033.5;88.5546875
0;8100;AMETHYSTS;9995;25;;;;;10005;25;;;;;10000.0;108.0
0;8200;AMETHYSTS;9996;2;9995;25;;;10004;2;10005;25;;;10000.0;108.0
0;8200;STARFRUIT;5030;27;;;;;5037;27;;;;;5033.5;84.8984375
0;8300;AMETHYSTS;9998;9;9995;28;;;10005;28;;;;;10001.5;108.0
0;8300;STARFRUIT;5030;28;;;;;5037;28;;;;;5033.5;88.375
0;8400;AMETHYSTS;9998;5;9995;29;;;10005;29;;;;;10001.5;108.0
0;8400;STARFRUIT;5031;29;;;;;5038;29;;;;;5034.5;95.109375
0;8500;STARFRUIT;5032;8;5031;27;;;5037;2;5038;25;;;5034.5;93.2578125
0;8500;AMETHYSTS;9996;2;9995;25;;;10004;2;10005;25;;;10000.0;108.0
0;8600;AMETHYSTS;9996;2;9995;27;;;10004;2;10005;27;;;10000.0;108.0
0;8600;STARFRUIT;5031;29;;;;;5037;2;5038;27;;;5034.0;91.578125
0;8700;AMETHYSTS;9996;2;9995;22;;;10004;2;10005;22;;;10000.0;108.0
0;8700;STARFRUIT;5035;1;5031;8;5030;24;5037;24;;;;;5036.0;78.125
0;8800;AMETHYSTS;9996;1;9995;30;;;10004;1;10005;30;;;10000.0;108.0
0;8800;STARFRUIT;5030;31;;;;;5037;31;;;;;5033.5;82.3515625
0;8900;STARFRUIT;5031;2;5030;26;;;5037;26;;;;;5034.0;78.2421875
0;8900;AMETHYSTS;9995;26;;;;;10005;26;;;;;10000.0;108.0
0;9000;AMETHYSTS;9995;23;;;;;10005;23;;;;;10000.0;108.0
0;9000;STARFRUIT;5030;23;;;;;5037;23;;;;;5033.5;76.28125
0;9100;AMETHYSTS;9995;22;;;;;9998;1;10005;22;;;9996.5;108.0
0;9100;STARFRUIT;5030;5;5029;22;;;5036;22;;;;;5033.0;70.53125
0;9200;AMETHYSTS;9996;2;9995;25;;;10004;2;10005;25;;;10000.0;132.0
0;9200;STARFRUIT;5030;5;5029;25;;;5036;27;;;;;5033.0;72.3125
0;9300;STARFRUIT;5030;1;5029;29;;;5036;30;;;;;5033.0;71.5
0;9300;AMETHYSTS;10002;11;9998;1;9996;1;10004;1;10005;29;;;10003.0;132.0
0;9400;AMETHYSTS;10002;1;9996;2;9995;28;10004;2;10005;28;;;10003.0;154.0
0;9400;STARFRUIT;5031;3;5030;30;;;5036;2;5037;28;;;5033.5;77.3046875
0;9500;AMETHYSTS;10002;1;9996;2;9995;24;10004;2;10005;24;;;10003.0;156.0
0;9500;STARFRUIT;5030;2;5029;24;;;5036;26;;;;;5033.0;70.765625
0;9600;AMETHYSTS;9996;1;9995;20;;;10002;6;10004;1;10005;20;9999.0;158.0
0;9600;STARFRUIT;5029;21;;;;;5036;21;;;;;5032.5;66.71875
0;9700;STARFRUIT;5029;31;;;;;5032;5;5034;5;5036;31;5030.5;42.6328125
0;9700;AMETHYSTS;9996;1;9995;30;;;10000;4;10004;1;10005;30;9998.0;158.0
0;9800;AMETHYSTS;9998;1;9996;2;9995;24;10004;2;10005;24;;;10001.0;158.0
0;9800;STARFRUIT;5029;26;;;;;5036;26;;;;;5032.5;45.7890625
0;9900;AMETHYSTS;9995;24;;;;;10005;24;;;;;10000.0;158.0
0;9900;STARFRUIT;5029;24;;;;;5036;24;;;;;5032.5;48.671875
0;10000;AMETHYSTS;9995;27;;;;;10005;27;;;;;10000.0;158.0
0;10000;STARFRUIT;5029;27;;;;;5036;27;;;;;5032.5;48.5859375
0;10100;STARFRUIT;5028;21;;;;;5033;5;5035;21;;;5030.5;58.0078125
0;10100;AMETHYSTS;10002;4;9996;1;9995;20;10004;1;10005;20;;;10003.0;158.0
0;10200;AMETHYSTS;9995;20;;;;;10005;20;;;;;10000.0;166.0
0;10200;STARFRUIT;5028;20;;;;;5035;20;;;;;5031.5;57.640625
0;10300;AMETHYSTS;9996;1;9995;24;;;10004;1;10005;24;;;10000.0;166.0
0;10300;STARFRUIT;5030;5;5029;25;;;5035;1;5036;24;;;5032.5;53.0078125
0;10400;AMETHYSTS;9995;25;;;;;10005;25;;;;;10000.0;166.0
0;10400;STARFRUIT;5029;25;;;;;5036;25;;;;;5032.5;53.0078125
0;10500;STARFRUIT;5030;8;5029;26;;;5037;26;;;;;5033.5;39.09375
0;10500;AMETHYSTS;9995;26;;;;;10005;26;;;;;10000.0;166.0
0;10600;AMETHYSTS;9995;20;;;;;10005;20;;;;;10000.0;166.0
0;10600;STARFRUIT;5034;3;5029;20;;;5036;20;;;;;5035.0;47.3515625
0;10700;AMETHYSTS;9995;24;;;;;9998;3;10005;24;;;9996.5;166.0
0;10700;STARFRUIT;5030;7;5029;24;;;5036;24;;;;;5033.0;60.5703125
0;10800;AMETHYSTS;9995;23;;;;;10002;1;10005;23;;;9998.5;172.0
0;10800;STARFRUIT;5030;6;5029;23;;;5036;23;;;;;5033.0;59.671875
0;10900;STARFRUIT;5029;1;5028;22;;;5031;6;5035;23;;;5030.0;61.44921875
0;10900;AMETHYSTS;9996;1;9995;22;;;10000;6;10004;1;10005;22;9998.0;172.0
0;11000;AMETHYSTS;9996;1;9995;26;;;10004;1;10005;26;;;10000.0;172.0
0;11000;STARFRUIT;5028;27;;;;;5033;2;5035;27;;;5030.5;65.890625
0;11100;AMETHYSTS;9996;1;9995;30;;;10002;1;10004;1;10005;30;9999.0;172.0
0;11100;STARFRUIT;5029;1;5028;31;;;5034;1;5035;30;;;5031.5;66.7421875
0;11200;AMETHYSTS;9996;2;9995;28;;;10004;2;10005;28;;;10000.0;172.0
0;11200;STARFRUIT;5028;2;5027;28;;;5032;5;5034;30;;;5030.0;69.5078125
0;11300;STARFRUIT;5027;27;;;;;5034;27;;;;;5030.5;71.359375
0;11300;AMETHYSTS;9996;2;9995;25;;;10002;2;10004;2;10005;25;9999.0;172.0
0;11400;AMETHYSTS;9995;30;;;;;10005;30;;;;;10000.0;172.0
0;11400;STARFRUIT;5027;30;;;;;5034;30;;;;;5030.5;72.9375
0;11500;AMETHYSTS;9996;1;9995;28;;;10004;1;10005;28;;;10000.0;172.0
0;11500;STARFRUIT;5027;29;;;;;5032;5;5034;29;;;5029.5;70.046875
0;11600;AMETHYSTS;9996;2;9995;22;;;10004;2;10005;22;;;10000.0;172.0
0;11600;STARFRUIT;5027;24;;;;;5032;7;5034;24;;;5029.5;70.9921875
0;11700;STARFRUIT;5029;4;5027;2;5026;20;5033;22;;;;;5031.0;76.28515625
0;11700;AMETHYSTS;10000;4;9996;2;9995;20;10004;2;10005;20;;;10002.0;172.0
0;11800;AMETHYSTS;9998;10;9996;1;9995;21;10004;1;10005;21;;;10001.0;172.0
0;11800;STARFRUIT;5026;22;;;;;5033;22;;;;;5029.5;78.640625
0;11900;AMETHYSTS;10002;1;10000;4;9998;1;10004;1;10005;22;;;10003.0;172.0
0;11900;STARFRUIT;5028;4;5026;1;5025;22;5032;23;;;;;5030.0;83.63671875
0;12000;STARFRUIT;5025;28;;;;;5032;28;;;;;5028.5;85.92578125
0;12000;AMETHYSTS;9996;1;9995;27;;;10004;1;10005;27;;;10000.0;174.0
0;12100;STARFRUIT;5026;2;5025;23;;;5032;25;;;;;5029.0;82.96484375
0;12100;AMETHYSTS;9996;2;9995;23;;;9998;8;10004;2;10005;23;9997.0;174.0
0;12200;STARFRUIT;5025;25;;;;;5032;25;;;;;5028.5;83.7421875
0;12200;AMETHYSTS;9996;2;9995;23;;;10004;2;10005;23;;;10000.0;190.0
0;12300;AMETHYSTS;9996;1;9995;24;;;10002;3;10004;1;10005;24;9999.0;190.0
0;12300;STARFRUIT;5026;5;5025;24;;;5032;25;;;;;5029.0;82.77734375
0;12400;STARFRUIT;5026;29;;;;;5033;29;;;;;5029.5;80.58984375
0;12400;AMETHYSTS;10002;1;9998;5;9995;29;10005;29;;;;;10003.5;190.0
0;12500;STARFRUIT;5029;3;5026;23;;;5033;23;;;;;5031.0;79.7578125
0;12500;AMETHYSTS;10000;3;9996;1;9995;22;10004;1;10005;22;;;10002.0;192.0
0;12600;STARFRUIT;5029;4;5026;26;;;5033;26;;;;;5031.0;79.359375
0;12600;AMETHYSTS;10000;4;9995;26;;;10005;26;;;;;10002.5;192.0
0;12700;AMETHYSTS;10002;1;9996;1;9995;27;10004;1;10005;27;;;10003.0;192.0
0;12700;STARFRUIT;5027;28;;;;;5034;28;;;;;5030.5;73.16015625
0;12800;STARFRUIT;5030;4;5027;30;;;5034;30;;;;;5032.0;71.75
0;12800;AMETHYSTS;10000;4;9996;2;9995;28;10002;9;10004;2;10005;28;10001.0;194.0
0;12900;STARFRUIT;5027;23;;;;;5032;2;5034;23;;;5029.5;71.9375
0;12900;AMETHYSTS;9996;2;9995;21;;;10002;4;10004;2;10005;21;9999.0;194.0
0;13000;STARFRUIT;5027;32;;;;;5034;32;;;;;5030.5;70.78515625
0;13000;AMETHYSTS;9996;2;9995;30;;;10002;2;10004;2;10005;30;9999.0;194.0
0;13100;AMETHYSTS;9995;21;;;;;10000;2;10005;21;;;9997.5;194.0
0;13100;STARFRUIT;5028;21;;;;;5031;2;5035;21;;;5029.5;67.4140625
0;13200;STARFRUIT;5033;1;5029;7;5028;31;5035;31;;;;;5034.0;65.875
0;13200;AMETHYSTS;9998;9;9996;2;9995;29;10004;2;10005;29;;;10001.0;194.0
0;13300;STARFRUIT;5028;23;;;;;5035;23;;;;;5031.5;65.83203125
0;13300;AMETHYSTS;10002;2;9996;1;9995;22;10004;1;10005;22;;;10003.0;194.0
0;13400;STARFRUIT;5028;26;;;;;5035;26;;;;;5031.5;65.8125
0;13400;AMETHYSTS;9995;26;;;;;10005;26;;;;;10000.0;198.0
0;13500;AMETHYSTS;9996;1;9995;24;;;10004;1;10005;24;;;10000.0;198.0
0;13500;STARFRUIT;5028;25;;;;;5035;25;;;;;5031.5;67.453125
0;13600;STARFRUIT;5028;26;;;;;5033;3;5035;26;;;5030.5;65.37890625
0;13600;AMETHYSTS;9996;2;9995;24;;;10002;6;10004;2;10005;24;9999.0;198.0
0;13700;STARFRUIT;5028;28;;;;;5035;28;;;;;5031.5;63.5
0;13700;AMETHYSTS;10002;1;9995;28;;;10005;28;;;;;10003.5;198.0
0;13800;STARFRUIT;5028;23;;;;;5035;23;;;;;5031.5;62.51171875
0;13800;AMETHYSTS;9998;1;9995;23;;;10005;23;;;;;10001.5;200.0
0;13900;AMETHYSTS;9996;1;9995;20;;;10004;1;10005;20;;;10000.0;200.0
0;13900;STARFRUIT;5029;21;;;;;5031;3;5036;21;;;5030.0;57.4140625
0;14000;STARFRUIT;5030;3;5029;28;;;5036;29;;;;;5033.0;60.681640625
0;14000;AMETHYSTS;10002;6;9998;1;9996;1;10004;1;10005;28;;;10003.0;200.0
0;14100;STARFRUIT;5029;22;;;;;5036;22;;;;;5032.5;63.177734375
0;14100;AMETHYSTS;9996;2;9995;20;;;10002;4;10004;2;10005;20;9999.0;212.0
0;14200;STARFRUIT;5029;21;;;;;5036;21;;;;;5032.5;86.6171875
0;14200;AMETHYSTS;9995;21;;;;;10005;21;;;;;10000.0;212.0
0;14300;AMETHYSTS;9996;1;9995;21;;;10004;1;10005;21;;;10000.0;212.0
0;14300;STARFRUIT;5029;1;5028;21;;;5035;22;;;;;5032.0;80.203125
0;14400;STARFRUIT;5029;22;;;;;5036;23;;;;;5032.5;85.71484375
0;14400;AMETHYSTS;10002;4;9996;2;9995;21;10004;2;10005;21;;;10003.0;212.0
0;14500;AMETHYSTS;9996;1;9995;28;;;10002;10;10004;1;10005;28;9999.0;220.0
0;14500;STARFRUIT;5029;29;;;;;5034;6;5036;29;;;5031.5;86.40625
0;14600;AMETHYSTS;9996;1;9995;27;;;10004;1;10005;27;;;10000.0;220.0
0;14600;STARFRUIT;5029;1;5028;27;;;5030;3;5035;1;5036;27;5029.5;80.8046875
0;14700;AMETHYSTS;9996;1;9995;23;;;10004;1;10005;23;;;10000.0;220.0
0;14700;STARFRUIT;5029;24;;;;;5034;2;5035;1;5036;23;5031.5;87.859375
0;14800;STARFRUIT;5029;1;5028;30;;;5033;3;5035;31;;;5031.0;84.4765625
0;14800;AMETHYSTS;9996;1;9995;30;;;9998;1;10004;1;10005;30;9997.0;220.0
0;14900;AMETHYSTS;9996;1;9995;25;;;10002;1;10004;1;10005;25;9999.0;222.0
0;14900;STARFRUIT;5032;4;5028;26;;;5035;26;;;;;5033.5;75.84375
0;15000;AMETHYSTS;9996;2;9995;25;;;10004;2;10005;25;;;10000.0;222.0
0;15000;STARFRUIT;5029;6;5028;25;;;5035;27;;;;;5032.0;86.65625
0;15100;AMETHYSTS;9996;1;9995;20;;;9998;1;10004;1;10005;20;9997.0;222.0
0;15100;STARFRUIT;5028;21;;;;;5035;21;;;;;5031.5;79.8984375
0;15200;STARFRUIT;5031;4;5029;4;5028;23;5035;23;;;;;5033.0;82.5234375
0;15200;AMETHYSTS;10000;4;9996;2;9995;21;10002;4;10004;2;10005;21;10001.0;224.0
0;15300;AMETHYSTS;9996;2;9995;22;;;10002;7;10004;2;10005;22;9999.0;224.0
0;15300;STARFRUIT;5028;2;5027;22;;;5033;6;5034;2;5035;22;5030.5;74.953125
0;15400;AMETHYSTS;9995;30;;;;;10005;30;;;;;10000.0;224.0
0;15400;STARFRUIT;5027;30;;;;;5034;30;;;;;5030.5;79.296875
0;15500;AMETHYSTS;9995;25;;;;;9998;11;10005;25;;;9996.5;224.0
0;15500;STARFRUIT;5028;25;;;;;5035;25;;;;;5031.5;74.40625
0;15600;STARFRUIT;5028;23;;;;;5034;1;5035;22;;;5031.0;36.078125
0;15600;AMETHYSTS;9996;1;9995;22;;;10004;1;10005;22;;;10000.0;246.0
0;15700;AMETHYSTS;9996;2;9995;28;;;10004;2;10005;28;;;10000.0;246.0
0;15700;STARFRUIT;5028;30;;;;;5033;1;5034;2;5035;28;5030.5;36.796875
0;15800;AMETHYSTS;9998;6;9996;2;9995;26;10004;2;10005;26;;;10001.0;246.0
0;15800;STARFRUIT;5029;4;5028;28;;;5035;28;;;;;5032.0;49.53125
0;15900;AMETHYSTS;9996;1;9995;20;;;10002;8;10004;1;10005;20;9999.0;246.0
0;15900;STARFRUIT;5029;1;5028;20;;;5030;3;5035;21;;;5029.5;50.6796875
0;16000;STARFRUIT;5029;22;;;;;5034;4;5036;22;;;5031.5;62.03125
0;16000;AMETHYSTS;9996;2;9995;20;;;10004;2;10005;20;;;10000.0;246.0
0;16100;AMETHYSTS;9996;1;9995;26;;;10004;1;10005;26;;;10000.0;246.0
0;16100;STARFRUIT;5029;27;;;;;5031;2;5034;8;5036;27;5030.0;68.2578125
0;16200;AMETHYSTS;9995;27;;;;;10002;4;10005;27;;;9998.5;246.0
0;16200;STARFRUIT;5029;26;;;;;5036;27;;;;;5032.5;58.265625
0;16300;AMETHYSTS;9996;1;9995;21;;;10004;1;10005;21;;;10000.0;246.0
0;16300;STARFRUIT;5029;22;;;;;5036;22;;;;;5032.5;62.296875
0;16400;AMETHYSTS;9996;2;9995;25;;;10002;6;10004;2;10005;25;9999.0;250.0
0;16400;STARFRUIT;5028;27;;;;;5033;7;5035;27;;;5030.5;52.1640625
0;16500;AMETHYSTS;9995;22;;;;;10005;22;;;;;10000.0;250.0
0;16500;STARFRUIT;5028;22;;;;;5033;1;5035;22;;;5030.5;37.859375
0;16600;AMETHYSTS;9995;26;;;;;10005;26;;;;;10000.0;250.0
0;16600;STARFRUIT;5029;7;5028;26;;;5035;26;;;;;5032.0;38.140625
0;16700;STARFRUIT;5028;25;;;;;5035;25;;;;;5031.5;42.8125
0;16700;AMETHYSTS;10002;1;9998;2;9995;25;10005;25;;;;;10003.5;250.0
0;16800;AMETHYSTS;10000;2;9996;2;9995;25;10004;2;10005;25;;;10002.0;252.0
0;16800;STARFRUIT;5031;2;5028;27;;;5035;27;;;;;5033.0;44.6640625
0;16900;AMETHYSTS;9996;2;9995;22;;;10004;2;10005;22;;;10000.0;252.0
0;16900;STARFRUIT;5028;24;;;;;5035;24;;;;;5031.5;42.765625
0;17000;AMETHYSTS;9996;1;9995;25;;;10004;1;10005;25;;;10000.0;252.0
0;17000;STARFRUIT;5029;1;5028;26;;;5034;1;5035;25;;;5031.5;38.0625
0;17100;STARFRUIT;5028;1;5027;26;;;5034;27;;;;;5031.0;34.7578125
0;17100;AMETHYSTS;9996;1;9995;26;;;10004;1;10005;26;;;10000.0;252.0
0;17200;AMETHYSTS;9996;1;9995;27;;;10004;1;10005;27;;;10000.0;252.0
0;17200;STARFRUIT;5028;5;5027;28;;;5034;28;;;;;5031.0;23.796875
0;17300;AMETHYSTS;9996;1;9995;27;;;10004;1;10005;27;;;10000.0;252.0
0;17300;STARFRUIT;5026;28;;;;;5031;6;5032;1;5033;27;5028.5;2.4296875
0;17400;AMETHYSTS;9995;25;;;;;9998;11;10005;25;;;9996.5;252.0
0;17400;STARFRUIT;5030;3;5026;2;5025;25;5032;25;;;;;5031.0;-0.953125
0;17500;STARFRUIT;5026;28;;;;;5033;28;;;;;5029.5;-37.609375
0;17500;AMETHYSTS;9996;2;9995;26;;;10004;2;10005;26;;;10000.0;282.0
0;17600;AMETHYSTS;9996;1;9995;29;;;10004;1;10005;29;;;10000.0;282.0
0;17600;STARFRUIT;5027;3;5026;30;;;5032;1;5033;29;;;5029.5;-70.140625
0;17700;AMETHYSTS;9998;2;9995;22;;;10005;22;;;;;10001.5;282.0
0;17700;STARFRUIT;5026;22;;;;;5033;22;;;;;5029.5;-62.7890625
0;17800;AMETHYSTS;9996;2;9995;30;;;9998;3;10002;5;10004;2;9997.0;282.0
0;17800;STARFRUIT;5026;32;;;;;5031;5;5033;32;;;5028.5;-57.15625
0;17900;STARFRUIT;5032;1;5029;2;5026;21;5033;21;;;;;5032.5;-57.875
0;17900;AMETHYSTS;9995;21;;;;;9998;1;10002;3;10005;21;9996.5;288.0
0;18000;AMETHYSTS;9995;24;;;;;10005;24;;;;;10000.0;290.0
0;18000;STARFRUIT;5026;24;;;;;5033;24;;;;;5029.5;-60.90625
0;18100;AMETHYSTS;9996;2;9995;28;;;10004;2;10005;28;;;10000.0;290.0
0;18100;STARFRUIT;5026;30;;;;;5033;30;;;;;5029.5;-61.078125
0;18200;AMETHYSTS;9996;2;9995;23;;;10002;10;10004;2;10005;23;9999.0;290.0
0;18200;STARFRUIT;5027;25;;;;;5033;2;5034;23;;;5030.0;-47.5
0;18300;STARFRUIT;5027;20;;;;;5034;20;;;;;5030.5;-43.3984375
0;18300;AMETHYSTS;9995;20;;;;;10005;20;;;;;10000.0;290.0
0;18400;AMETHYSTS;9996;1;9995;21;;;10004;1;10005;21;;;10000.0;290.0
0;18400;STARFRUIT;5032;1;5027;22;;;5033;1;5034;21;;;5032.5;-45.6953125
0;18500;AMETHYSTS;9996;2;9995;21;;;10004;2;10005;21;;;10000.0;290.0
0;18500;STARFRUIT;5027;23;;;;;5029;1;5034;23;;;5028.0;-34.8046875
0;18600;AMETHYSTS;9996;1;9995;21;;;10004;1;10005;21;;;10000.0;290.0
0;18600;STARFRUIT;5028;22;;;;;5029;9;5035;22;;;5028.5;-16.90625
0;18700;STARFRUIT;5028;30;;;;;5035;30;;;;;5031.5;-9.421875
0;18700;AMETHYSTS;10002;1;9995;30;;;10005;30;;;;;10003.5;290.0
0;18800;AMETHYSTS;9995;24;;;;;10002;7;10005;24;;;9998.5;292.0
0;18800;STARFRUIT;5028;24;;;;;5035;24;;;;;5031.5;-15.375
0;18900;AMETHYSTS;10002;1;9995;25;;;10005;25;;;;;10003.5;292.0
0;18900;STARFRUIT;5030;7;5029;25;;;5036;25;;;;;5033.0;0.25
0;19000;AMETHYSTS;9996;1;9995;30;;;10004;1;10005;30;;;10000.0;294.0
0;19000;STARFRUIT;5029;31;;;;;5036;31;;;;;5032.5;5.84375
0;19100;STARFRUIT;5030;2;5029;21;;;5036;23;;;;;5033.0;13.7109375
0;19100;AMETHYSTS;9996;2;9995;21;;;10004;2;10005;21;;;10000.0;294.0
0;19200;AMETHYSTS;9995;26;;;;;10002;1;10005;26;;;9998.5;294.0
0;19200;STARFRUIT;5030;26;;;;;5037;26;;;;;5033.5;20.828125
0;19300;AMETHYSTS;9996;2;9995;23;;;9998;6;10004;2;10005;23;9997.0;294.0
0;19300;STARFRUIT;5032;2;5031;23;;;5038;25;;;;;5035.0;51.25
0;19400;AMETHYSTS;9996;2;9995;24;;;10002;5;10004;2;10005;24;9999.0;306.0
0;19400;STARFRUIT;5032;26;;;;;5038;2;5039;24;;;5035.0;57.2265625
0;19500;STARFRUIT;5031;23;;;;;5038;23;;;;;5034.5;52.046875
0;19500;AMETHYSTS;9995;23;;;;;10005;23;;;;;10000.0;306.0
0;19600;AMETHYSTS;10002;1;9998;5;9996;1;10004;1;10005;26;;;10003.0;306.0
0;19600;STARFRUIT;5032;27;;;;;5038;1;5039;26;;;5035.0;12.421875
0;19700;AMETHYSTS;9996;2;9995;29;;;10004;2;10005;29;;;10000.0;308.0
0;19700;STARFRUIT;5032;31;;;;;5039;31;;;;;5035.5;0.8203125
0;19800;AMETHYSTS;9996;2;9995;26;;;10004;2;10005;26;;;10000.0;308.0
0;19800;STARFRUIT;5033;2;5032;26;;;5039;28;;;;;5036.0;-3.625
0;19900;STARFRUIT;5033;1;5032;22;;;5039;23;;;;;5036.0;-2.765625
0;19900;AMETHYSTS;9996;1;9995;22;;;9998;1;10004;1;10005;22;9997.0;308.0
0;20000;AMETHYSTS;9995;26;;;;;9998;1;10005;26;;;9996.5;326.0
0;20000;STARFRUIT;5032;26;;;;;5037;4;5039;26;;;5034.5;0.234375
0;20100;AMETHYSTS;9996;1;9995;29;;;9998;4;10004;1;10005;29;9997.0;326.0
0;20100;STARFRUIT;5033;30;;;;;5038;4;5039;1;5040;29;5035.5;-8.4296875
0;20200;AMETHYSTS;10002;1;9995;20;;;10005;20;;;;;10003.5;326.0
0;20200;STARFRUIT;5032;20;;;;;5039;20;;;;;5035.5;0.40625
0;20300;STARFRUIT;5032;24;;;;;5039;24;;;;;5035.5;-3.3984375
0;20300;AMETHYSTS;10002;4;9995;24;;;10005;24;;;;;10003.5;328.0
0;20400;AMETHYSTS;10002;2;9996;1;9995;27;10004;1;10005;27;;;10003.0;336.0
0;20400;STARFRUIT;5032;28;;;;;5033;3;5039;28;;;5032.5;8.2421875
0;20500;AMETHYSTS;9998;7;9996;1;9995;25;10004;1;10005;25;;;10001.0;340.0
0;20500;STARFRUIT;5032;26;;;;;5033;8;5039;26;;;5032.5;10.8046875
0;20600;AMETHYSTS;9996;1;9995;24;;;9998;4;10002;5;10004;1;9997.0;340.0
0;20600;STARFRUIT;5033;25;;;;;5040;25;;;;;5036.5;25.32421875
0;20700;STARFRUIT;5038;2;5034;3;5033;30;5041;30;;;;;5039.5;19.1328125
0;20700;AMETHYSTS;9995;30;;;;;10005;30;;;;;10000.0;348.0
0;20800;AMETHYSTS;9996;2;9995;24;;;10004;2;10005;24;;;10000.0;348.0
0;20800;STARFRUIT;5034;26;;;;;5040;2;5041;24;;;5037.0;20.77734375
0;20900;AMETHYSTS;9996;2;9995;29;;;10004;2;10005;29;;;10000.0;348.0
0;20900;STARFRUIT;5034;31;;;;;5035;1;5041;31;;;5034.5;19.9208984375
0;21000;STARFRUIT;5034;26;;;;;5041;26;;;;;5037.5;22.384765625
0;21000;AMETHYSTS;9996;1;9995;25;;;10004;1;10005;25;;;10000.0;348.0
0;21100;STARFRUIT;5034;28;;;;;5037;2;5041;28;;;5035.5;22.662109375
0;21100;AMETHYSTS;9995;28;;;;;10000;2;10005;28;;;9997.5;348.0
0;21200;STARFRUIT;5040;1;5034;29;;;5041;29;;;;;5040.5;22.27001953125
0;21200;AMETHYSTS;9995;29;;;;;9998;1;10005;29;;;9996.5;348.0
0;21300;AMETHYSTS;9995;22;;;;;10005;22;;;;;10000.0;350.0
0;21300;STARFRUIT;5034;22;;;;;5040;2;5042;22;;;5037.0;23.958984375
0;21400;STARFRUIT;5035;1;5034;29;;;5041;30;;;;;5038.0;24.19921875
0;21400;AMETHYSTS;9996;1;9995;29;;;10004;1;10005;29;;;10000.0;350.0
0;21500;STARFRUIT;5034;28;;;;;5035;5;5041;30;;;5034.5;24.1767578125
0;21500;AMETHYSTS;9996;2;9995;28;;;10004;2;10005;28;;;10000.0;350.0
0;21600;STARFRUIT;5035;22;;;;;5042;22;;;;;5038.5;39.85546875
0;21600;AMETHYSTS;9998;5;9996;2;9995;20;10004;2;10005;20;;;10001.0;350.0
0;21700;AMETHYSTS;9996;2;9995;25;;;10004;2;10005;25;;;10000.0;350.0
0;21700;STARFRUIT;5035;6;5034;25;;;5041;2;5042;25;;;5038.0;38.98046875
0;21800;STARFRUIT;5035;26;;;;;5042;26;;;;;5038.5;40.9189453125
0;21800;AMETHYSTS;9996;1;9995;25;;;10004;1;10005;25;;;10000.0;350.0
0;21900;STARFRUIT;5035;27;;;;;5042;27;;;;;5038.5;40.796875
0;21900;AMETHYSTS;9995;27;;;;;10002;3;10005;27;;;9998.5;350.0
0;22000;STARFRUIT;5035;22;;;;;5042;22;;;;;5038.5;40.986328125
0;22000;AMETHYSTS;9996;2;9995;20;;;10004;2;10005;20;;;10000.0;350.0
0;22100;AMETHYSTS;9995;22;;;;;10005;22;;;;;10000.0;350.0
0;22100;STARFRUIT;5035;22;;;;;5040;4;5042;22;;;5037.5;40.1953125
0;22200;STARFRUIT;5036;3;5035;23;;;5042;23;;;;;5039.0;41.673828125
0;22200;AMETHYSTS;10002;1;9995;23;;;10005;23;;;;;10003.5;350.0
0;22300;STARFRUIT;5036;30;;;;;5043;30;;;;;5039.5;43.048828125
0;22300;AMETHYSTS;9996;2;9995;28;;;10004;2;10005;28;;;10000.0;352.0
0;22400;STARFRUIT;5036;24;;;;;5043;24;;;;;5039.5;44.060546875
0;22400;AMETHYSTS;9996;1;9995;23;;;10002;2;10004;1;10005;23;9999.0;352.0
0;22500;AMETHYSTS;9998;2;9995;27;;;10005;27;;;;;10001.5;352.0
0;22500;STARFRUIT;5041;1;5036;27;;;5043;27;;;;;5042.0;42.3984375
0;22600;STARFRUIT;5042;1;5041;4;5037;4;5043;26;;;;;5042.5;45.306640625
0;22600;AMETHYSTS;9998;5;9996;1;9995;25;10004;1;10005;25;;;10001.0;352.0
0;22700;STARFRUIT;5036;26;;;;;5042;1;5043;25;;;5039.0;54.6865234375
0;22700;AMETHYSTS;9996;1;9995;25;;;10002;9;10004;1;10005;25;9999.0;352.0
0;22800;STARFRUIT;5036;27;;;;;5043;27;;;;;5039.5;54.072265625
0;22800;AMETHYSTS;10002;1;9996;1;9995;26;10004;1;10005;26;;;10003.0;352.0
0;22900;AMETHYSTS;10002;2;9996;1;9995;22;10004;1;10005;22;;;10003.0;358.0
0;22900;STARFRUIT;5036;23;;;;;5037;1;5041;4;5043;23;5036.5;54.361328125
0;23000;STARFRUIT;5042;1;5037;1;5036;20;5043;21;;;;;5042.5;57.0
0;23000;AMETHYSTS;9996;1;9995;20;;;10002;2;10004;1;10005;20;9999.0;362.0
0;23100;STARFRUIT;5038;7;5037;28;;;5043;2;5044;26;;;5040.5;58.78955078125
0;23100;AMETHYSTS;9996;2;9995;26;;;10004;2;10005;26;;;10000.0;362.0
0;23200;AMETHYSTS;9996;1;9995;24;;;10002;4;10004;1;10005;24;9999.0;362.0
0;23200;STARFRUIT;5037;2;5036;24;;;5043;25;;;;;5040.0;59.10498046875
0;23300;AMETHYSTS;9996;2;9995;21;;;10004;2;10005;21;;;10000.0;362.0
0;23300;STARFRUIT;5037;2;5036;21;;;5043;2;5044;21;;;5040.0;59.021484375
0;23400;STARFRUIT;5037;1;5036;29;;;5043;1;5044;29;;;5040.0;59.00439453125
0;23400;AMETHYSTS;9996;1;9995;29;;;10004;1;10005;29;;;10000.0;362.0
0;23500;AMETHYSTS;9996;1;9995;30;;;10004;1;10005;30;;;10000.0;362.0
0;23500;STARFRUIT;5038;3;5037;31;;;5044;31;;;;;5041.0;78.625
0;23600;AMETHYSTS;9996;2;9995;25;;;10004;2;10005;25;;;10000.0;362.0
0;23600;STARFRUIT;5037;1;5036;25;;;5043;27;;;;;5040.0;73.2734375
0;23700;AMETHYSTS;9996;1;9995;20;;;10004;1;10005;20;;;10000.0;362.0
0;23700;STARFRUIT;5042;1;5037;21;;;5043;1;5044;20;;;5042.5;74.46875
0;23800;STARFRUIT;5037;22;;;;;5044;22;;;;;5040.5;76.66015625
0;23800;AMETHYSTS;9995;22;;;;;10005;22;;;;;10000.0;362.0
0;23900;AMETHYSTS;9995;27;;;;;10005;27;;;;;10000.0;362.0
0;23900;STARFRUIT;5037;27;;;;;5044;27;;;;;5040.5;76.8125
0;24000;AMETHYSTS;9995;29;;;;;10005;29;;;;;10000.0;362.0
0;24000;STARFRUIT;5038;6;5037;29;;;5044;29;;;;;5041.0;85.7734375
0;24100;AMETHYSTS;9996;2;9995;20;;;10004;2;10005;20;;;10000.0;362.0
0;24100;STARFRUIT;5037;22;;;;;5044;22;;;;;5040.5;62.3984375
0;24200;STARFRUIT;5038;24;;;;;5043;8;5044;1;5045;23;5040.5;53.140625
0;24200;AMETHYSTS;9996;1;9995;23;;;10002;7;10004;1;10005;23;9999.0;362.0
0;24300;AMETHYSTS;10002;1;9995;27;;;10005;27;;;;;10003.5;362.0
0;24300;STARFRUIT;5038;26;;;;;5043;5;5045;27;;;5040.5;54.4453125
0;24400;AMETHYSTS;9996;1;9995;28;;;10004;1;10005;28;;;10000.0;364.0
0;24400;STARFRUIT;5038;9;5037;28;;;5044;29;;;;;5041.0;12.59375
0;24500;AMETHYSTS;9996;2;9995;24;;;10002;10;10004;2;10005;24;9999.0;364.0
0;24500;STARFRUIT;5037;26;;;;;5044;26;;;;;5040.5;3.3125
0;24600;STARFRUIT;5038;2;5037;22;;;5044;24;;;;;5041.0;12.3359375
0;24600;AMETHYSTS;9996;2;9995;22;;;10002;10;10004;2;10005;22;9999.0;364.0
0;24700;AMETHYSTS;9996;2;9995;20;;;10004;2;10005;20;;;10000.0;364.0
0;24700;STARFRUIT;5037;22;;;;;5044;22;;;;;5040.5;6.796875
0;24800;AMETHYSTS;9995;28;;;;;10005;28;;;;;10000.0;364.0
0;24800;STARFRUIT;5037;28;;;;;5044;28;;;;;5040.5;6.78125
0;24900;AMETHYSTS;9998;7;9995;24;;;10005;24;;;;;10001.5;364.0
0;24900;STARFRUIT;5037;24;;;;;5044;24;;;;;5040.5;2.796875
0;25000;STARFRUIT;5037;28;;;;;5043;1;5044;27;;;5040.0;-1.390625
0;25000;AMETHYSTS;10002;1;9996;1;9995;27;10004;1;10005;27;;;10003.0;364.0
0;25100;AMETHYSTS;9998;8;9996;1;9995;26;10004;1;10005;26;;;10001.0;366.0
0;25100;STARFRUIT;5036;27;;;;;5043;27;;;;;5039.5;-8.7265625
0;25200;AMETHYSTS;9996;2;9995;24;;;10000;4;10004;2;10005;24;9998.0;366.0
0;25200;STARFRUIT;5037;6;5036;26;;;5039;4;5043;26;;;5038.0;-9.21875
0;25300;STARFRUIT;5036;22;;;;;5042;1;5043;21;;;5039.0;-21.6953125
0;25300;AMETHYSTS;9998;9;9996;1;9995;21;10004;1;10005;21;;;10001.0;366.0
0;25400;AMETHYSTS;10002;3;9996;2;9995;27;10004;2;10005;27;;;10003.0;366.0
0;25400;STARFRUIT;5035;29;;;;;5042;29;;;;;5038.5;-28.734375
0;25500;AMETHYSTS;9996;1;9995;23;;;10004;1;10005;23;;;10000.0;372.0
0;25500;STARFRUIT;5036;1;5035;23;;;5040;6;5042;24;;;5038.0;-26.0
0;25600;AMETHYSTS;9995;24;;;;;10005;24;;;;;10000.0;372.0
0;25600;STARFRUIT;5035;24;;;;;5040;6;5042;24;;;5037.5;-33.4921875
0;25700;STARFRUIT;5036;1;5035;24;;;5042;1;5043;24;;;5039.0;-23.7265625
0;25700;AMETHYSTS;9996;1;9995;24;;;10004;1;10005;24;;;10000.0;372.0
0;25800;AMETHYSTS;10002;1;9996;2;9995;27;10004;2;10005;27;;;10003.0;372.0
0;25800;STARFRUIT;5037;29;;;;;5043;2;5044;27;;;5040.0;-3.484375
0;25900;AMETHYSTS;9996;2;9995;27;;;10004;2;10005;27;;;10000.0;374.0
0;25900;STARFRUIT;5037;29;;;;;5044;29;;;;;5040.5;3.515625
0;26000;AMETHYSTS;9995;27;;;;;10005;27;;;;;10000.0;374.0
0;26000;STARFRUIT;5042;1;5037;27;;;5044;27;;;;;5043.0;-0.3359375
0;26100;STARFRUIT;5042;1;5038;2;5037;25;5043;1;5044;24;;;5042.5;0.328125
0;26100;AMETHYSTS;10002;1;9998;3;9996;1;10004;1;10005;24;;;10003.0;374.0
0;26200;AMETHYSTS;10002;1;9996;2;9995;27;10004;2;10005;27;;;10003.0;376.0
0;26200;STARFRUIT;5037;29;;;;;5043;2;5044;27;;;5040.0;1.890625
0;26300;AMETHYSTS;9996;1;9995;25;;;10002;1;10004;1;10005;25;9999.0;378.0
0;26300;STARFRUIT;5037;26;;;;;5038;1;5044;26;;;5037.5;12.6796875
0;26400;AMETHYSTS;9995;27;;;;;10005;27;;;;;10000.0;378.0
0;26400;STARFRUIT;5037;27;;;;;5044;27;;;;;5040.5;20.21875
0;26500;STARFRUIT;5038;22;;;;;5044;1;5045;21;;;5041.0;25.0625
0;26500;AMETHYSTS;9996;1;9995;21;;;10004;1;10005;21;;;10000.0;378.0
0;26600;AMETHYSTS;9996;2;9995;29;;;9998;4;10004;2;10005;29;9997.0;378.0
0;26600;STARFRUIT;5037;31;;;;;5044;31;;;;;5040.5;12.8046875
0;26700;AMETHYSTS;9995;26;;;;;10005;26;;;;;10000.0;386.0
0;26700;STARFRUIT;5042;1;5038;8;5037;26;5044;26;;;;;5043.0;10.5234375
0;26800;AMETHYSTS;10002;1;9998;7;9995;20;10005;20;;;;;10003.5;386.0
0;26800;STARFRUIT;5037;20;;;;;5044;20;;;;;5040.5;14.703125
0;26900;STARFRUIT;5037;22;;;;;5044;22;;;;;5040.5;-9.734375
0;26900;AMETHYSTS;9995;22;;;;;10005;22;;;;;10000.0;388.0
0;27000;AMETHYSTS;9998;2;9996;1;9995;26;10004;1;10005;26;;;10001.0;388.0
0;27000;STARFRUIT;5037;27;;;;;5042;6;5044;27;;;5039.5;-2.796875
0;27100;AMETHYSTS;9996;2;9995;27;;;9998;1;10002;10;10004;2;9997.0;388.0
0;27100;STARFRUIT;5043;1;5037;29;;;5044;29;;;;;5043.5;-9.0390625
0;27200;AMETHYSTS;9998;3;9996;2;9995;23;10004;2;10005;23;;;10001.0;390.0
0;27200;STARFRUIT;5042;1;5038;7;5037;25;5043;2;5044;23;;;5042.5;-0.4140625
0;27300;STARFRUIT;5037;25;;;;;5038;1;5044;25;;;5037.5;-14.4375
0;27300;AMETHYSTS;9995;25;;;;;10002;8;10005;25;;;9998.5;390.0
0;27400;AMETHYSTS;9996;1;9995;22;;;9998;3;10004;1;10005;22;9997.0;390.0
0;27400;STARFRUIT;5041;6;5039;1;5038;22;5045;23;;;;;5043.0;-27.703125
0;27500;AMETHYSTS;9995;30;;;;;10005;30;;;;;10000.0;396.0
0;27500;STARFRUIT;5038;30;;;;;5045;30;;;;;5041.5;-24.4140625
0;27600;AMETHYSTS;9996;2;9995;26;;;10002;4;10004;2;10005;26;9999.0;396.0
0;27600;STARFRUIT;5043;1;5039;6;5038;28;5045;28;;;;;5044.0;-20.453125
0;27700;STARFRUIT;5038;32;;;;;5045;32;;;;;5041.5;-20.6875
0;27700;AMETHYSTS;9996;2;9995;30;;;10004;2;10005;30;;;10000.0;396.0
0;27800;AMETHYSTS;9998;2;9996;2;9995;20;10004;2;10005;20;;;10001.0;396.0
0;27800;STARFRUIT;5039;5;5038;22;;;5044;2;5045;20;;;5041.5;-11.96875
0;27900;AMETHYSTS;9995;29;;;;;10005;29;;;;;10000.0;396.0
0;27900;STARFRUIT;5038;29;;;;;5043;8;5045;29;;;5040.5;-23.9375
0;28000;AMETHYSTS;9995;22;;;;;10005;22;;;;;10000.0;396.0
0;28000;STARFRUIT;5039;4;5038;22;;;5045;22;;;;;5042.0;-20.1796875
0;28100;STARFRUIT;5039;21;;;;;5046;21;;;;;5042.5;-38.546875
0;28100;AMETHYSTS;9996;1;9995;20;;;10004;1;10005;20;;;10000.0;396.0
0;28200;AMETHYSTS;9995;23;;;;;10005;23;;;;;10000.0;404.0
0;28200;STARFRUIT;5039;23;;;;;5046;23;;;;;5042.5;-37.234375
0;28300;AMETHYSTS;9996;2;9995;28;;;10004;2;10005;28;;;10000.0;404.0
0;28300;STARFRUIT;5039;30;;;;;5045;2;5046;28;;;5042.0;-33.78125
0;28400;AMETHYSTS;9995;20;;;;;10002;8;10005;20;;;9998.5;404.0
0;28400;STARFRUIT;5039;20;;;;;5046;20;;;;;5042.5;-36.4375
0;28500;STARFRUIT;5039;5;5038;28;;;5045;30;;;;;5042.0;-28.3515625
0;28500;AMETHYSTS;9996;2;9995;28;;;10004;2;10005;28;;;10000.0;404.0
0;28600;AMETHYSTS;9996;2;9995;26;;;10000;5;10002;5;10004;2;9998.0;404.0
0;28600;STARFRUIT;5039;27;;;;;5042;5;5045;2;5046;26;5040.5;-33.2578125
0;28700;AMETHYSTS;9998;8;9996;2;9995;22;10004;2;10005;22;;;10001.0;404.0
0;28700;STARFRUIT;5039;23;;;;;5045;2;5046;22;;;5042.0;-32.828125
0;28800;AMETHYSTS;9995;21;;;;;10002;8;10005;21;;;9998.5;404.0
0;28800;STARFRUIT;5038;21;;;;;5046;21;;;;;5042.0;-66.296875
0;28900;STARFRUIT;5040;1;5039;23;;;5045;1;5046;22;;;5042.5;-62.59375
0;28900;AMETHYSTS;9996;1;9995;22;;;10002;5;10004;1;10005;22;9999.0;404.0
0;29000;AMETHYSTS;10002;1;9996;2;9995;24;10004;2;10005;24;;;10003.0;404.0
0;29000;STARFRUIT;5039;26;;;;;5045;2;5046;24;;;5042.0;-62.078125
0;29100;AMETHYSTS;9995;23;;;;;10002;2;10005;23;;;9998.5;406.0
0;29100;STARFRUIT;5039;23;;;;;5046;23;;;;;5042.5;-63.09375
0;29200;AMETHYSTS;9996;1;9995;22;;;10004;1;10005;22;;;10000.0;406.0
0;29200;STARFRUIT;5040;1;5039;22;;;5046;23;;;;;5043.0;-48.5390625
0;29300;STARFRUIT;5040;23;;;;;5046;1;5047;22;;;5043.0;-42.8671875
0;29300;AMETHYSTS;9996;1;9995;22;;;10004;1;10005;22;;;10000.0;406.0
0;29400;AMETHYSTS;9996;2;9995;23;;;10002;4;10004;2;10005;23;9999.0;406.0
0;29400;STARFRUIT;5039;25;;;;;5046;25;;;;;5042.5;-53.4375
0;29500;AMETHYSTS;9998;6;9995;20;;;10005;20;;;;;10001.5;406.0
0;29500;STARFRUIT;5039;20;;;;;5040;1;5046;20;;;5039.5;-48.6875
0;29600;AMETHYSTS;9996;1;9995;26;;;10000;4;10004;1;10005;26;9998.0;406.0
0;29600;STARFRUIT;5040;1;5039;26;;;5042;4;5046;27;;;5041.0;-82.2578125
0;29700;STARFRUIT;5040;23;;;;;5045;8;5046;1;5047;22;5042.5;-82.453125
0;29700;AMETHYSTS;9996;1;9995;22;;;10002;7;10004;1;10005;22;9999.0;406.0
0;29800;STARFRUIT;5045;1;5040;4;5039;25;5047;25;;;;;5046.0;-81.9140625
0;29800;AMETHYSTS;9995;25;;;;;10005;25;;;;;10000.0;406.0
0;29900;AMETHYSTS;9996;2;9995;30;;;10004;2;10005;30;;;10000.0;426.0
0;29900;STARFRUIT;5040;32;;;;;5047;32;;;;;5043.5;-90.0703125
0;30000;STARFRUIT;5041;6;5040;23;;;5047;25;;;;;5044.0;-97.078125
0;30000;AMETHYSTS;9998;10;9996;2;9995;23;10004;2;10005;23;;;10001.0;426.0
0;30100;STARFRUIT;5041;1;5040;20;;;5047;21;;;;;5044.0;-127.578125
0;30100;AMETHYSTS;9996;1;9995;20;;;10004;1;10005;20;;;10000.0;426.0
0;30200;STARFRUIT;5041;30;;;;;5048;30;;;;;5044.5;-136.21875
0;30200;AMETHYSTS;9996;2;9995;28;;;9998;1;10002;8;10004;2;9997.0;426.0
0;30300;AMETHYSTS;10002;4;9996;2;9995;29;10004;2;10005;29;;;10003.0;428.0
0;30300;STARFRUIT;5041;31;;;;;5046;1;5047;2;5048;29;5043.5;-132.59375
0;30400;STARFRUIT;5045;2;5040;30;;;5047;30;;;;;5046.0;-121.5859375
0;30400;AMETHYSTS;9995;30;;;;;10005;30;;;;;10000.0;436.0
0;30500;STARFRUIT;5040;7;5039;28;;;5046;30;;;;;5043.0;-109.203125
0;30500;AMETHYSTS;9996;2;9995;28;;;10004;2;10005;28;;;10000.0;436.0
0;30600;STARFRUIT;5040;32;;;;;5045;7;5046;2;5047;30;5042.5;-112.5625
0;30600;AMETHYSTS;10002;1;9996;2;9995;30;10004;2;10005;30;;;10003.0;436.0
0;30700;AMETHYSTS;9996;2;9995;27;;;10004;2;10005;27;;;10000.0;446.0
0;30700;STARFRUIT;5039;29;;;;;5046;29;;;;;5042.5;-104.8359375
0;30800;STARFRUIT;5039;2;5038;29;;;5045;31;;;;;5042.0;-90.1015625
0;30800;AMETHYSTS;9998;8;9996;2;9995;29;10004;2;10005;29;;;10001.0;446.0
0;30900;STARFRUIT;5038;21;;;;;5043;7;5045;21;;;5040.5;-88.8125
0;30900;AMETHYSTS;9995;21;;;;;10005;21;;;;;10000.0;446.0
0;31000;STARFRUIT;5043;1;5042;5;5038;28;5045;28;;;;;5044.0;-77.8671875
0;31000;AMETHYSTS;9996;2;9995;26;;;10002;2;10004;2;10005;26;9999.0;446.0
0;31100;AMETHYSTS;10002;1;9995;23;;;10005;23;;;;;10003.5;446.0
0;31100;STARFRUIT;5038;23;;;;;5039;9;5045;23;;;5038.5;-79.421875
0;31200;STARFRUIT;5037;21;;;;;5042;8;5044;22;;;5039.5;-51.734375
0;31200;AMETHYSTS;9996;1;9995;21;;;10002;6;10004;1;10005;21;9999.0;448.0
0;31300;STARFRUIT;5038;22;;;;;5044;2;5045;20;;;5041.0;-54.0078125
0;31300;AMETHYSTS;9996;2;9995;20;;;10004;2;10005;20;;;10000.0;448.0
0;31400;STARFRUIT;5038;22;;;;;5045;22;;;;;5041.5;-57.359375
0;31400;AMETHYSTS;9995;22;;;;;10005;22;;;;;10000.0;448.0
0;31500;AMETHYSTS;9996;1;9995;21;;;10004;1;10005;21;;;10000.0;448.0
0;31500;STARFRUIT;5038;22;;;;;5045;22;;;;;5041.5;-57.65234375
0;31600;STARFRUIT;5039;24;;;;;5046;24;;;;;5042.5;-58.515625
0;31600;AMETHYSTS;9995;24;;;;;9998;3;10005;24;;;9996.5;448.0
0;31700;STARFRUIT;5038;29;;;;;5045;29;;;;;5041.5;-68.125
0;31700;AMETHYSTS;9995;29;;;;;10002;3;10005;29;;;9998.5;454.0
0;31800;STARFRUIT;5043;2;5038;24;;;5045;24;;;;;5044.0;-73.3359375
0;31800;AMETHYSTS;9996;2;9995;22;;;10002;2;10004;2;10005;22;9999.0;466.0
0;31900;AMETHYSTS;9996;2;9995;26;;;10004;2;10005;26;;;10000.0;466.0
0;31900;STARFRUIT;5039;6;5038;28;;;5045;28;;;;;5042.0;-68.9140625
0;32000;STARFRUIT;5038;22;;;;;5045;22;;;;;5041.5;-86.703125
0;32000;AMETHYSTS;9996;2;9995;20;;;10002;10;10004;2;10005;20;9999.0;466.0
0;32100;AMETHYSTS;9998;9;9995;25;;;10005;25;;;;;10001.5;466.0
0;32100;STARFRUIT;5037;25;;;;;5044;25;;;;;5040.5;-75.578125
0;32200;AMETHYSTS;9996;1;9995;24;;;10002;5;10004;1;10005;24;9999.0;466.0
0;32200;STARFRUIT;5037;25;;;;;5044;25;;;;;5040.5;-70.875
0;32300;AMETHYSTS;10000;3;9996;2;9995;30;10004;2;10005;30;;;10002.0;466.0
0;32300;STARFRUIT;5040;3;5038;2;5037;30;5044;32;;;;;5042.0;-75.7734375
0;32400;STARFRUIT;5037;29;;;;;5044;29;;;;;5040.5;-70.1953125
0;32400;AMETHYSTS;9998;2;9995;29;;;10005;29;;;;;10001.5;466.0
0;32500;AMETHYSTS;10002;1;9996;2;9995;24;10004;2;10005;24;;;10003.0;466.0
0;32500;STARFRUIT;5038;1;5037;26;;;5043;2;5044;24;;;5040.5;-60.7578125
0;32600;AMETHYSTS;9998;1;9996;2;9995;26;10004;2;10005;26;;;10001.0;468.0
0;32600;STARFRUIT;5037;28;;;;;5044;28;;;;;5040.5;-67.0546875
0;32700;AMETHYSTS;9996;2;9995;30;;;10004;2;10005;30;;;10000.0;468.0
0;32700;STARFRUIT;5038;32;;;;;5044;2;5045;30;;;5041.0;-80.7265625
0;32800;STARFRUIT;5038;29;;;;;5045;29;;;;;5041.5;-83.1640625
0;32800;AMETHYSTS;9995;29;;;;;10005;29;;;;;10000.0;468.0
0;32900;AMETHYSTS;9996;1;9995;20;;;10002;10;10004;1;10005;20;9999.0;468.0
0;32900;STARFRUIT;5038;1;5037;20;;;5044;21;;;;;5041.0;-121.984375
0;33000;AMETHYSTS;9998;2;9995;28;;;10005;28;;;;;10001.5;468.0
0;33000;STARFRUIT;5037;28;;;;;5042;4;5044;28;;;5039.5;-118.9765625
0;33100;AMETHYSTS;9996;1;9995;25;;;10004;1;10005;25;;;10000.0;468.0
0;33100;STARFRUIT;5037;26;;;;;5044;26;;;;;5040.5;-123.1875
0;33200;STARFRUIT;5038;24;;;;;5043;5;5044;1;5045;23;5040.5;-161.8984375
0;33200;AMETHYSTS;9996;1;9995;23;;;10004;1;10005;23;;;10000.0;468.0
0;33300;AMETHYSTS;9996;1;9995;30;;;10002;1;10004;1;10005;30;9999.0;468.0
0;33300;STARFRUIT;5038;31;;;;;5045;31;;;;;5041.5;-165.859375
0;33400;AMETHYSTS;9995;20;;;;;10005;20;;;;;10000.0;468.0
0;33400;STARFRUIT;5037;20;;;;;5042;2;5044;20;;;5039.5;-155.53125
0;33500;AMETHYSTS;9996;2;9995;21;;;10002;4;10004;2;10005;21;9999.0;468.0
0;33500;STARFRUIT;5038;2;5037;21;;;5044;23;;;;;5041.0;-156.15625
0;33600;STARFRUIT;5037;27;;;;;5044;27;;;;;5040.5;-140.84375
0;33600;AMETHYSTS;9995;27;;;;;9998;2;10005;27;;;9996.5;468.0
0;33700;AMETHYSTS;9996;1;9995;25;;;10004;1;10005;25;;;10000.0;472.0
0;33700;STARFRUIT;5037;1;5036;25;;;5041;6;5043;26;;;5039.0;-133.9765625
0;33800;AMETHYSTS;9995;21;;;;;10002;4;10005;21;;;9998.5;472.0
0;33800;STARFRUIT;5036;21;;;;;5043;21;;;;;5039.5;-124.3125
0;33900;AMETHYSTS;9996;1;9995;27;;;10004;1;10005;27;;;10000.0;472.0
0;33900;STARFRUIT;5035;28;;;;;5042;28;;;;;5038.5;-112.7734375
0;34000;STARFRUIT;5041;1;5036;2;5035;28;5042;30;;;;;5041.5;-116.109375
0;34000;AMETHYSTS;9996;2;9995;28;;;10004;2;10005;28;;;10000.0;516.0
0;34100;AMETHYSTS;9996;2;9995;25;;;10004;2;10005;25;;;10000.0;516.0
0;34100;STARFRUIT;5036;2;5035;25;;;5042;27;;;;;5039.0;-114.015625
0;34200;AMETHYSTS;9996;2;9995;30;;;10002;2;10004;2;10005;30;9999.0;516.0
0;34200;STARFRUIT;5036;32;;;;;5043;32;;;;;5039.5;-133.171875
0;34300;STARFRUIT;5036;28;;;;;5043;29;;;;;5039.5;-126.953125
0;34300;AMETHYSTS;9996;1;9995;28;;;10004;1;10005;28;;;10000.0;516.0
0;34400;AMETHYSTS;9996;2;9995;28;;;10004;2;10005;28;;;10000.0;516.0
0;34400;STARFRUIT;5036;30;;;;;5043;30;;;;;5039.5;-130.140625
0;34500;AMETHYSTS;9996;2;9995;22;;;10004;2;10005;22;;;10000.0;516.0
0;34500;STARFRUIT;5037;24;;;;;5044;24;;;;;5040.5;-145.90625
0;34600;AMETHYSTS;9995;24;;;;;10005;24;;;;;10000.0;516.0
0;34600;STARFRUIT;5037;24;;;;;5044;24;;;;;5040.5;-138.6640625
0;34700;STARFRUIT;5037;7;5036;25;;;5043;25;;;;;5040.0;-130.6875
0;34700;AMETHYSTS;9996;2;9995;23;;;10004;2;10005;23;;;10000.0;516.0
0;34800;AMETHYSTS;9998;3;9996;2;9995;22;10004;2;10005;22;;;10001.0;516.0
0;34800;STARFRUIT;5036;22;;;;;5037;8;5043;24;;;5036.5;-134.328125
0;34900;AMETHYSTS;9995;24;;;;;10005;24;;;;;10000.0;516.0
0;34900;STARFRUIT;5037;24;;;;;5044;24;;;;;5040.5;-118.609375
0;35000;AMETHYSTS;9995;29;;;;;10005;29;;;;;10000.0;516.0
0;35000;STARFRUIT;5037;29;;;;;5044;29;;;;;5040.5;-118.828125
0;35100;STARFRUIT;5037;23;;;;;5044;23;;;;;5040.5;-117.3515625
0;35100;AMETHYSTS;9996;2;9995;21;;;10004;2;10005;21;;;10000.0;516.0
0;35200;AMETHYSTS;9995;24;;;;;10005;24;;;;;10000.0;516.0
0;35200;STARFRUIT;5037;24;;;;;5042;3;5044;24;;;5039.5;-120.046875
0;35300;AMETHYSTS;9998;8;9996;1;9995;22;10004;1;10005;22;;;10001.0;516.0
0;35300;STARFRUIT;5038;8;5037;23;;;5044;23;;;;;5041.0;-138.6484375
0;35400;AMETHYSTS;10002;1;9996;2;9995;25;10004;2;10005;25;;;10003.0;516.0
0;35400;STARFRUIT;5037;27;;;;;5044;27;;;;;5040.5;-130.8515625
0;35500;STARFRUIT;5037;29;;;;;5044;29;;;;;5040.5;-138.8828125
0;35500;AMETHYSTS;9996;2;9995;27;;;10004;2;10005;27;;;10000.0;518.0
0;35600;AMETHYSTS;9996;1;9995;23;;;10002;3;10004;1;10005;23;9999.0;518.0
0;35600;STARFRUIT;5038;1;5037;23;;;5044;24;;;;;5041.0;-129.53125
0;35700;AMETHYSTS;9996;2;9995;29;;;10002;9;10004;2;10005;29;9999.0;518.0
0;35700;STARFRUIT;5037;31;;;;;5044;31;;;;;5040.5;-130.8359375
0;35800;AMETHYSTS;9996;2;9995;21;;;10004;2;10005;21;;;10000.0;518.0
0;35800;STARFRUIT;5037;8;5036;21;;;5043;2;5044;21;;;5040.0;-145.99609375
0;35900;STARFRUIT;5036;30;;;;;5043;30;;;;;5039.5;-151.96484375
0;35900;AMETHYSTS;9996;2;9995;28;;;10004;2;10005;28;;;10000.0;518.0
0;36000;AMETHYSTS;9995;30;;;;;10000;2;10002;9;10005;30;9997.5;518.0
0;36000;STARFRUIT;5036;30;;;;;5039;2;5041;2;5043;30;5037.5;-151.984375
0;36100;AMETHYSTS;9998;7;9996;2;9995;21;10004;2;10005;21;;;10001.0;518.0
0;36100;STARFRUIT;5036;23;;;;;5041;6;5043;23;;;5038.5;-150.21875
0;36200;AMETHYSTS;9998;5;9996;1;9995;29;10004;1;10005;29;;;10001.0;518.0
0;36200;STARFRUIT;5036;1;5035;29;;;5042;30;;;;;5039.0;-156.7578125
0;36300;STARFRUIT;5035;31;;;;;5042;31;;;;;5038.5;-157.70703125
0;36300;AMETHYSTS;9996;1;9995;30;;;10004;1;10005;30;;;10000.0;518.0
0;36400;AMETHYSTS;9996;1;9995;28;;;10002;8;10004;1;10005;28;9999.0;518.0
0;36400;STARFRUIT;5036;2;5035;28;;;5042;29;;;;;5039.0;-156.55859375
0;36500;AMETHYSTS;9996;2;9995;27;;;10004;2;10005;27;;;10000.0;518.0
0;36500;STARFRUIT;5035;28;;;;;5042;29;;;;;5038.5;-176.1640625
0;36600;AMETHYSTS;9996;1;9995;30;;;10000;2;10004;1;10005;30;9998.0;518.0
0;36600;STARFRUIT;5035;31;;;;;5038;2;5042;31;;;5036.5;-170.9609375
0;36700;STARFRUIT;5035;22;;;;;5042;22;;;;;5038.5;-174.0703125
0;36700;AMETHYSTS;10002;1;9996;1;9995;21;10004;1;10005;21;;;10003.0;518.0
0;36800;AMETHYSTS;9996;2;9995;23;;;10004;2;10005;23;;;10000.0;520.0
0;36800;STARFRUIT;5035;25;;;;;5042;25;;;;;5038.5;-178.71875
0;36900;AMETHYSTS;9998;6;9995;22;;;10005;22;;;;;10001.5;520.0
0;36900;STARFRUIT;5035;22;;;;;5042;22;;;;;5038.5;-178.4375
0;37000;AMETHYSTS;9996;2;9995;20;;;10004;2;10005;20;;;10000.0;520.0
0;37000;STARFRUIT;5036;2;5035;20;;;5042;22;;;;;5039.0;-180.71875
0;37100;STARFRUIT;5039;5;5036;24;;;5043;24;;;;;5041.0;-185.046875
0;37100;AMETHYSTS;10000;5;9995;24;;;10005;24;;;;;10002.5;520.0
0;37200;AMETHYSTS;9996;2;9995;27;;;10004;2;10005;27;;;10000.0;520.0
0;37200;STARFRUIT;5037;2;5036;27;;;5043;29;;;;;5040.0;-200.03125
0;37300;AMETHYSTS;9996;1;9995;22;;;10004;1;10005;22;;;10000.0;520.0
0;37300;STARFRUIT;5037;23;;;;;5042;4;5044;23;;;5039.5;-212.8203125
0;37400;AMETHYSTS;9995;22;;;;;10005;22;;;;;10000.0;528.0
0;37400;STARFRUIT;5038;4;5037;22;;;5044;22;;;;;5041.0;-219.34375
0;37500;STARFRUIT;5040;5;5037;31;;;5044;31;;;;;5042.0;-217.2265625
0;37500;AMETHYSTS;10000;5;9996;1;9995;30;10004;1;10005;30;;;10002.0;528.0
0;37600;AMETHYSTS;9996;1;9995;24;;;10004;1;10005;24;;;10000.0;528.0
0;37600;STARFRUIT;5037;25;;;;;5042;5;5044;25;;;5039.5;-211.96875
0;37700;AMETHYSTS;10002;1;9995;20;;;10005;20;;;;;10003.5;564.0
0;37700;STARFRUIT;5037;20;;;;;5044;20;;;;;5040.5;-240.28125
0;37800;AMETHYSTS;9996;2;9995;23;;;10004;2;10005;23;;;10000.0;566.0
0;37800;STARFRUIT;5037;25;;;;;5043;2;5044;23;;;5040.0;-238.6015625
0;37900;STARFRUIT;5038;29;;;;;5044;2;5045;27;;;5041.0;-222.21875
0;37900;AMETHYSTS;9996;2;9995;27;;;10004;2;10005;27;;;10000.0;566.0
0;38000;AMETHYSTS;9998;3;9995;30;;;10005;30;;;;;10001.5;566.0
0;38000;STARFRUIT;5038;30;;;;;5045;30;;;;;5041.5;-218.1796875
0;38100;AMETHYSTS;9998;4;9996;1;9995;28;10004;1;10005;28;;;10001.0;566.0
0;38100;STARFRUIT;5038;29;;;;;5043;4;5045;29;;;5040.5;-219.234375
0;38200;AMETHYSTS;9998;4;9996;2;9995;29;10004;2;10005;29;;;10001.0;566.0
0;38200;STARFRUIT;5039;2;5038;29;;;5045;31;;;;;5042.0;-206.53125
0;38300;STARFRUIT;5040;5;5039;22;;;5046;22;;;;;5043.0;-198.0078125
0;38300;AMETHYSTS;9995;22;;;;;10005;22;;;;;10000.0;566.0
0;38400;AMETHYSTS;9996;2;9995;29;;;10004;2;10005;29;;;10000.0;566.0
0;38400;STARFRUIT;5039;31;;;;;5040;4;5046;31;;;5039.5;-199.5078125
0;38500;AMETHYSTS;9996;2;9995;22;;;10004;2;10005;22;;;10000.0;566.0
0;38500;STARFRUIT;5038;24;;;;;5045;24;;;;;5041.5;-210.7890625
0;38600;STARFRUIT;5038;31;;;;;5044;2;5045;29;;;5041.0;-217.71875
0;38600;AMETHYSTS;10002;1;9996;2;9995;29;10004;2;10005;29;;;10003.0;566.0
0;38700;STARFRUIT;5038;1;5037;20;;;5044;22;;;;;5041.0;-225.609375
0;38700;AMETHYSTS;9996;2;9995;20;;;10004;2;10005;20;;;10000.0;568.0
0;38800;STARFRUIT;5038;27;;;;;5043;2;5044;2;5045;25;5040.5;-217.7890625
0;38800;AMETHYSTS;9996;2;9995;25;;;10004;2;10005;25;;;10000.0;592.0
0;38900;AMETHYSTS;9996;2;9995;23;;;10004;2;10005;23;;;10000.0;592.0
0;38900;STARFRUIT;5038;25;;;;;5045;25;;;;;5041.5;-213.3984375
0;39000;STARFRUIT;5039;1;5038;23;;;5041;3;5044;6;5045;1;5040.0;-202.3125
0;39000;AMETHYSTS;9996;1;9995;23;;;10000;3;10004;1;10005;23;9998.0;592.0
0;39100;STARFRUIT;5039;8;5038;30;;;5045;30;;;;;5042.0;-206.96875
0;39100;AMETHYSTS;9996;2;9995;28;;;9998;3;10004;2;10005;28;9997.0;592.0
0;39200;STARFRUIT;5039;5;5038;21;;;5041;4;5045;21;;;5040.0;-204.8671875
0;39200;AMETHYSTS;9995;21;;;;;10000;4;10005;21;;;9997.5;598.0
0;39300;AMETHYSTS;9995;24;;;;;10005;24;;;;;10000.0;602.0
0;39300;STARFRUIT;5038;24;;;;;5045;24;;;;;5041.5;-230.6171875
0;39400;STARFRUIT;5038;21;;;;;5045;21;;;;;5041.5;-224.1328125
0;39400;AMETHYSTS;9995;21;;;;;10005;21;;;;;10000.0;602.0
0;39500;STARFRUIT;5038;29;;;;;5043;3;5045;29;;;5040.5;-228.125
0;39500;AMETHYSTS;9995;29;;;;;10005;29;;;;;10000.0;602.0
0;39600;STARFRUIT;5038;31;;;;;5045;31;;;;;5041.5;-229.15625
0;39600;AMETHYSTS;9996;1;9995;30;;;10004;1;10005;30;;;10000.0;602.0
0;39700;AMETHYSTS;9996;1;9995;29;;;10000;6;10004;1;10005;29;9998.0;602.0
0;39700;STARFRUIT;5038;29;;;;;5041;6;5045;30;;;5039.5;-237.2421875
0;39800;STARFRUIT;5038;24;;;;;5044;2;5045;22;;;5041.0;-223.62109375
0;39800;AMETHYSTS;9996;2;9995;22;;;9998;1;10004;2;10005;22;9997.0;602.0
0;39900;STARFRUIT;5038;29;;;;;5043;7;5045;29;;;5040.5;-225.453125
0;39900;AMETHYSTS;9998;10;9996;1;9995;28;10004;1;10005;28;;;10001.0;604.0
0;40000;STARFRUIT;5037;26;;;;;5044;26;;;;;5040.5;-261.625
0;40000;AMETHYSTS;10002;11;9996;1;9995;25;10004;1;10005;25;;;10003.0;604.0
0;40100;AMETHYSTS;9995;30;;;;;10005;30;;;;;10000.0;620.0
0;40100;STARFRUIT;5037;30;;;;;5042;4;5044;30;;;5039.5;-284.046875
0;40200;STARFRUIT;5037;25;;;;;5044;25;;;;;5040.5;-280.4921875
0;40200;AMETHYSTS;9996;1;9995;24;;;10002;7;10004;1;10005;24;9999.0;620.0
0;40300;STARFRUIT;5037;1;5036;29;;;5043;30;;;;;5040.0;-271.90625
0;40300;AMETHYSTS;10002;4;9996;1;9995;29;10004;1;10005;29;;;10003.0;620.0
0;40400;STARFRUIT;5037;25;;;;;5043;2;5044;23;;;5040.0;-277.9921875
0;40400;AMETHYSTS;9996;2;9995;23;;;10004;2;10005;23;;;10000.0;620.0
0;40500;AMETHYSTS;9996;1;9995;21;;;10004;1;10005;21;;;10000.0;620.0
0;40500;STARFRUIT;5037;22;;;;;5044;22;;;;;5040.5;-280.71875
0;40600;STARFRUIT;5037;28;;;;;5045;28;;;;;5041.0;-294.125
0;40600;AMETHYSTS;10002;1;9995;28;;;10005;28;;;;;10003.5;620.0
0;40700;STARFRUIT;5044;1;5039;6;5038;30;5045;30;;;;;5044.5;-304.25
0;40700;AMETHYSTS;9998;10;9996;1;9995;29;10004;1;10005;29;;;10001.0;620.0
0;40800;STARFRUIT;5038;21;;;;;5045;21;;;;;5041.5;-306.34375
0;40800;AMETHYSTS;9995;21;;;;;10005;21;;;;;10000.0;620.0
0;40900;AMETHYSTS;9998;2;9995;25;;;10005;25;;;;;10001.5;620.0
0;40900;STARFRUIT;5040;3;5039;25;;;5046;25;;;;;5043.0;-319.390625
0;41000;STARFRUIT;5039;21;;;;;5042;2;5044;7;5045;1;5040.5;-318.4609375
0;41000;AMETHYSTS;9998;10;9996;1;9995;20;10000;2;10004;1;10005;20;9999.0;620.0
0;41100;AMETHYSTS;9996;2;9995;23;;;10004;2;10005;23;;;10000.0;620.0
0;41100;STARFRUIT;5038;25;;;;;5045;25;;;;;5041.5;-308.328125
0;41200;AMETHYSTS;9995;20;;;;;10005;20;;;;;10000.0;620.0
0;41200;STARFRUIT;5038;20;;;;;5046;20;;;;;5042.0;-313.59375
0;41300;AMETHYSTS;9995;27;;;;;10005;27;;;;;10000.0;620.0
0;41300;STARFRUIT;5039;8;5038;27;;;5045;27;;;;;5042.0;-308.6640625
0;41400;STARFRUIT;5039;30;;;;;5046;30;;;;;5042.5;-321.078125
0;41400;AMETHYSTS;9996;1;9995;29;;;10004;1;10005;29;;;10000.0;620.0
0;41500;AMETHYSTS;9996;2;9995;29;;;10004;2;10005;29;;;10000.0;620.0
0;41500;STARFRUIT;5039;9;5038;29;;;5045;31;;;;;5042.0;-312.90625
0;41600;AMETHYSTS;9995;26;;;;;10005;26;;;;;10000.0;620.0
0;41600;STARFRUIT;5038;26;;;;;5045;26;;;;;5041.5;-309.8125
0;41700;AMETHYSTS;9995;23;;;;;10005;23;;;;;10000.0;620.0
0;41700;STARFRUIT;5042;2;5038;23;;;5045;23;;;;;5043.5;-302.828125
0;41800;STARFRUIT;5038;21;;;;;5044;1;5045;21;;;5041.0;-298.7265625
0;41800;AMETHYSTS;9996;1;9995;21;;;10004;1;10005;21;;;10000.0;620.0
0;41900;AMETHYSTS;9995;28;;;;;10002;8;10005;28;;;9998.5;620.0
0;41900;STARFRUIT;5038;28;;;;;5045;28;;;;;5041.5;-325.7890625
0;42000;AMETHYSTS;9996;1;9995;27;;;9998;1;10004;1;10005;27;9997.0;620.0
0;42000;STARFRUIT;5038;1;5037;27;;;5044;28;;;;;5041.0;-335.171875
0;42100;AMETHYSTS;10002;2;9995;22;;;10005;22;;;;;10003.5;622.0
0;42100;STARFRUIT;5039;7;5038;22;;;5045;22;;;;;5042.0;-330.1875
0;42200;STARFRUIT;5038;22;;;;;5045;22;;;;;5041.5;-316.1796875
0;42200;AMETHYSTS;9995;22;;;;;10005;22;;;;;10000.0;624.0
0;42300;AMETHYSTS;9996;2;9995;20;;;10004;2;10005;20;;;10000.0;624.0
0;42300;STARFRUIT;5039;22;;;;;5045;2;5046;20;;;5042.0;-311.3046875
0;42400;AMETHYSTS;9996;2;9995;26;;;10002;2;10004;2;10005;26;9999.0;624.0
0;42400;STARFRUIT;5038;28;;;;;5045;28;;;;;5041.5;-323.890625
0;42500;AMETHYSTS;9995;24;;;;;10005;24;;;;;10000.0;626.0
0;42500;STARFRUIT;5038;24;;;;;5043;2;5045;24;;;5040.5;-325.0859375
0;42600;STARFRUIT;5043;1;5038;28;;;5045;28;;;;;5044.0;-329.7734375
0;42600;AMETHYSTS;9995;28;;;;;10005;28;;;;;10000.0;626.0
0;42700;AMETHYSTS;9996;1;9995;23;;;10004;1;10005;23;;;10000.0;626.0
0;42700;STARFRUIT;5038;24;;;;;5044;1;5045;23;;;5041.0;-328.28125
0;42800;AMETHYSTS;9995;29;;;;;10000;2;10005;29;;;9997.5;626.0
0;42800;STARFRUIT;5038;29;;;;;5041;2;5045;29;;;5039.5;-327.390625
0;42900;AMETHYSTS;10002;5;9995;20;;;10005;20;;;;;10003.5;626.0
0;42900;STARFRUIT;5038;20;;;;;5045;20;;;;;5041.5;-325.1875
0;43000;STARFRUIT;5038;27;;;;;5045;27;;;;;5041.5;-325.7734375
0;43000;AMETHYSTS;9996;1;9995;26;;;10002;6;10004;1;10005;26;9999.0;628.0
0;43100;AMETHYSTS;9998;9;9996;1;9995;24;10004;1;10005;24;;;10001.0;628.0
0;43100;STARFRUIT;5038;25;;;;;5045;25;;;;;5041.5;-320.859375
0;43200;AMETHYSTS;9996;2;9995;29;;;10002;5;10004;2;10005;29;9999.0;628.0
0;43200;STARFRUIT;5038;31;;;;;5045;31;;;;;5041.5;-323.625
0;43300;STARFRUIT;5043;1;5037;20;;;5044;20;;;;;5043.5;-338.3515625
0;43300;AMETHYSTS;9998;10;9995;20;;;10005;20;;;;;10001.5;634.0
0;43400;AMETHYSTS;9996;2;9995;22;;;10004;2;10005;22;;;10000.0;634.0
0;43400;STARFRUIT;5037;24;;;;;5043;2;5044;22;;;5040.0;-344.046875
0;43500;AMETHYSTS;9996;1;9995;24;;;10002;7;10004;1;10005;24;9999.0;634.0
0;43500;STARFRUIT;5037;6;5036;25;;;5043;25;;;;;5040.0;-354.109375
0;43600;AMETHYSTS;9995;22;;;;;10002;5;10005;22;;;9998.5;634.0
0;43600;STARFRUIT;5036;22;;;;;5041;1;5043;22;;;5038.5;-378.0234375
0;43700;STARFRUIT;5037;1;5036;29;;;5043;30;;;;;5040.0;-381.640625
0;43700;AMETHYSTS;9996;1;9995;29;;;10002;6;10004;1;10005;29;9999.0;634.0
0;43800;AMETHYSTS;9996;1;9995;22;;;10004;1;10005;22;;;10000.0;634.0
0;43800;STARFRUIT;5036;23;;;;;5043;23;;;;;5039.5;-379.671875
0;43900;AMETHYSTS;9996;2;9995;24;;;10002;2;10004;2;10005;24;9999.0;634.0
0;43900;STARFRUIT;5037;6;5036;26;;;5043;26;;;;;5040.0;-373.8046875
0;44000;AMETHYSTS;10002;4;9998;10;9996;2;10004;2;10005;25;;;10003.0;634.0
0;44000;STARFRUIT;5036;27;;;;;5043;27;;;;;5039.5;-372.0859375
0;44100;STARFRUIT;5036;24;;;;;5041;4;5042;2;5043;22;5038.5;-369.171875
0;44100;AMETHYSTS;9996;2;9995;22;;;10004;2;10005;22;;;10000.0;640.0
0;44200;AMETHYSTS;9995;24;;;;;10005;24;;;;;10000.0;640.0
0;44200;STARFRUIT;5036;24;;;;;5043;24;;;;;5039.5;-377.2421875
0;44300;AMETHYSTS;9996;2;9995;24;;;9998;2;10004;2;10005;24;9997.0;640.0
0;44300;STARFRUIT;5036;26;;;;;5042;2;5043;24;;;5039.0;-370.2265625
0;44400;AMETHYSTS;9996;1;9995;25;;;10002;7;10004;1;10005;25;9999.0;644.0
0;44400;STARFRUIT;5037;1;5036;26;;;5043;26;;;;;5040.0;-372.28125
0;44500;STARFRUIT;5036;30;;;;;5043;30;;;;;5039.5;-371.953125
0;44500;AMETHYSTS;9995;30;;;;;10005;30;;;;;10000.0;644.0
0;44600;AMETHYSTS;9996;1;9995;21;;;10004;1;10005;21;;;10000.0;644.0
0;44600;STARFRUIT;5037;22;;;;;5043;1;5044;21;;;5040.0;-385.1875
0;44700;AMETHYSTS;9996;2;9995;25;;;10004;2;10005;25;;;10000.0;644.0
0;44700;STARFRUIT;5037;27;;;;;5042;6;5044;27;;;5039.5;-378.40625
0;44800;AMETHYSTS;9995;25;;;;;10005;25;;;;;10000.0;644.0
0;44800;STARFRUIT;5037;25;;;;;5042;3;5044;25;;;5039.5;-385.0546875
0;44900;STARFRUIT;5037;2;5036;21;;;5043;23;;;;;5040.0;-387.421875
0;44900;AMETHYSTS;9996;2;9995;21;;;10004;2;10005;21;;;10000.0;644.0
0;45000;AMETHYSTS;9996;1;9995;27;;;10004;1;10005;27;;;10000.0;644.0
0;45000;STARFRUIT;5036;28;;;;;5037;1;5043;28;;;5036.5;-394.3671875
0;45100;AMETHYSTS;9995;27;;;;;9998;1;10005;27;;;9996.5;644.0
0;45100;STARFRUIT;5036;27;;;;;5043;27;;;;;5039.5;-389.359375
0;45200;AMETHYSTS;10002;1;9996;1;9995;20;10004;1;10005;20;;;10003.0;646.0
0;45200;STARFRUIT;5036;20;;;;;5043;1;5044;20;;;5039.5;-386.3828125
0;45300;STARFRUIT;5037;22;;;;;5044;23;;;;;5040.5;-377.5625
0;45300;AMETHYSTS;9995;23;;;;;10005;23;;;;;10000.0;648.0
0;45400;AMETHYSTS;9998;4;9995;25;;;10005;25;;;;;10001.5;648.0
0;45400;STARFRUIT;5037;25;;;;;5044;25;;;;;5040.5;-373.4296875
0;45500;AMETHYSTS;9996;1;9995;20;;;9998;3;10004;1;10005;20;9997.0;648.0
0;45500;STARFRUIT;5036;21;;;;;5037;3;5043;21;;;5036.5;-371.7421875
0;45600;AMETHYSTS;9996;1;9995;23;;;10004;1;10005;23;;;10000.0;654.0
0;45600;STARFRUIT;5037;1;5036;23;;;5041;6;5043;24;;;5039.0;-373.140625
0;45700;STARFRUIT;5037;2;5036;21;;;5043;23;;;;;5040.0;-374.03125
0;45700;AMETHYSTS;10002;1;9996;2;9995;21;10004;2;10005;21;;;10003.0;654.0
0;45800;AMETHYSTS;10000;5;9998;7;9996;2;10004;2;10005;30;;;10002.0;656.0
0;45800;STARFRUIT;5040;5;5037;32;;;5044;32;;;;;5042.0;-384.109375
0;45900;AMETHYSTS;9998;8;9996;1;9995;25;10004;1;10005;25;;;10001.0;656.0
0;45900;STARFRUIT;5037;25;;;;;5044;26;;;;;5040.5;-393.578125
0;46000;AMETHYSTS;9995;23;;;;;9998;1;10005;23;;;9996.5;656.0
0;46000;STARFRUIT;5037;23;;;;;5044;23;;;;;5040.5;-389.4453125
0;46100;STARFRUIT;5039;4;5038;25;;;5045;25;;;;;5042.0;-397.4296875
0;46100;AMETHYSTS;9995;25;;;;;10005;25;;;;;10000.0;674.0
0;46200;AMETHYSTS;9995;24;;;;;10005;24;;;;;10000.0;674.0
0;46200;STARFRUIT;5039;4;5038;24;;;5045;24;;;;;5042.0;-398.65625
0;46300;AMETHYSTS;9996;2;9995;26;;;10004;2;10005;26;;;10000.0;674.0
0;46300;STARFRUIT;5039;2;5038;26;;;5045;28;;;;;5042.0;-410.0859375
0;46400;AMETHYSTS;9995;24;;;;;10005;24;;;;;10000.0;674.0
0;46400;STARFRUIT;5044;1;5038;24;;;5045;24;;;;;5044.5;-405.8359375
0;46500;STARFRUIT;5042;2;5038;30;;;5045;30;;;;;5043.5;-397.0703125
0;46500;AMETHYSTS;9996;1;9995;29;;;9998;1;10004;1;10005;29;9997.0;674.0
0;46600;AMETHYSTS;9998;1;9995;28;;;10005;28;;;;;10001.5;676.0
0;46600;STARFRUIT;5044;1;5040;4;5039;28;5046;28;;;;;5045.0;-407.1328125
0;46700;AMETHYSTS;9996;1;9995;29;;;10004;1;10005;29;;;10000.0;676.0
0;46700;STARFRUIT;5038;30;;;;;5045;30;;;;;5041.5;-413.2734375
0;46800;AMETHYSTS;9995;25;;;;;10005;25;;;;;10000.0;676.0
0;46800;STARFRUIT;5038;25;;;;;5045;25;;;;;5041.5;-410.3125
0;46900;STARFRUIT;5039;30;;;;;5040;10;5045;1;5046;29;5039.5;-404.7109375
0;46900;AMETHYSTS;9996;1;9995;29;;;10002;3;10004;1;10005;29;9999.0;676.0
0;47000;AMETHYSTS;9996;1;9995;22;;;10004;1;10005;22;;;10000.0;676.0
0;47000;STARFRUIT;5039;23;;;;;5045;1;5046;22;;;5042.0;-401.046875
0;47100;AMETHYSTS;9995;22;;;;;9998;1;10005;22;;;9996.5;676.0
0;47100;STARFRUIT;5039;22;;;;;5046;22;;;;;5042.5;-395.8125
0;47200;AMETHYSTS;9996;2;9995;21;;;10004;2;10005;21;;;10000.0;678.0
0;47200;STARFRUIT;5044;1;5039;23;;;5046;23;;;;;5045.0;-400.21875
0;47300;STARFRUIT;5040;5;5039;21;;;5046;21;;;;;5043.0;-396.734375
0;47300;AMETHYSTS;9995;21;;;;;10005;21;;;;;10000.0;678.0
0;47400;AMETHYSTS;9998;7;9995;22;;;10005;22;;;;;10001.5;678.0
0;47400;STARFRUIT;5043;5;5038;22;;;5045;22;;;;;5044.0;-417.2578125
0;47500;AMETHYSTS;9996;1;9995;21;;;9998;1;10004;1;10005;21;9997.0;678.0
0;47500;STARFRUIT;5037;22;;;;;5042;5;5044;22;;;5039.5;-416.0625
0;47600;STARFRUIT;5037;21;;;;;5044;21;;;;;5040.5;-417.4921875
0;47600;AMETHYSTS;9998;5;9995;21;;;10005;21;;;;;10001.5;680.0
0;47700;STARFRUIT;5037;23;;;;;5042;4;5044;23;;;5039.5;-438.5703125
0;47700;AMETHYSTS;9998;1;9995;23;;;10005;23;;;;;10001.5;680.0
0;47800;STARFRUIT;5038;20;;;;;5043;7;5045;20;;;5040.5;-446.484375
0;47800;AMETHYSTS;9995;20;;;;;10005;20;;;;;10000.0;680.0
0;47900;AMETHYSTS;9995;23;;;;;10005;23;;;;;10000.0;680.0
0;47900;STARFRUIT;5037;23;;;;;5044;23;;;;;5040.5;-494.65625
0;48000;STARFRUIT;5037;27;;;;;5044;27;;;;;5040.5;-489.765625
0;48000;AMETHYSTS;10002;2;9996;1;9995;26;10004;1;10005;26;;;10003.0;680.0
0;48100;STARFRUIT;5037;30;;;;;5042;1;5044;30;;;5039.5;-488.25
0;48100;AMETHYSTS;9996;1;9995;29;;;10004;1;10005;29;;;10000.0;684.0
0;48200;STARFRUIT;5038;2;5037;26;;;5044;27;;;;;5041.0;-477.5234375
0;48200;AMETHYSTS;9996;1;9995;26;;;10004;1;10005;26;;;10000.0;684.0
0;48300;AMETHYSTS;9998;4;9996;1;9995;20;10004;1;10005;20;;;10001.0;684.0
0;48300;STARFRUIT;5037;21;;;;;5038;4;5044;21;;;5037.5;-506.2265625
0;48400;STARFRUIT;5037;32;;;;;5042;6;5044;32;;;5039.5;-497.90625
0;48400;AMETHYSTS;9996;2;9995;30;;;10004;2;10005;30;;;10000.0;684.0
0;48500;STARFRUIT;5037;29;;;;;5044;29;;;;;5040.5;-492.75
0;48500;AMETHYSTS;9995;29;;;;;10005;29;;;;;10000.0;684.0
0;48600;STARFRUIT;5037;1;5036;26;;;5043;1;5044;26;;;5040.0;-487.8828125
0;48600;AMETHYSTS;9996;1;9995;26;;;10004;1;10005;26;;;10000.0;684.0
0;48700;AMETHYSTS;9996;1;9995;22;;;10000;2;10004;1;10005;22;9998.0;684.0
0;48700;STARFRUIT;5036;23;;;;;5039;2;5043;23;;;5037.5;-484.3359375
0;48800;STARFRUIT;5036;29;;;;;5043;29;;;;;5039.5;-481.578125
0;48800;AMETHYSTS;9996;1;9995;28;;;10004;1;10005;28;;;10000.0;684.0
0;48900;STARFRUIT;5036;21;;;;;5043;22;;;;;5039.5;-476.203125
0;48900;AMETHYSTS;9995;22;;;;;10005;22;;;;;10000.0;684.0
0;49000;STARFRUIT;5035;29;;;;;5042;29;;;;;5038.5;-465.46875
0;49000;AMETHYSTS;9996;1;9995;28;;;10004;1;10005;28;;;10000.0;684.0
0;49100;AMETHYSTS;9995;30;;;;;10005;30;;;;;10000.0;688.0
0;49100;STARFRUIT;5035;30;;;;;5042;30;;;;;5038.5;-463.3671875
0;49200;STARFRUIT;5034;26;;;;;5041;26;;;;;5037.5;-450.8515625
0;49200;AMETHYSTS;10002;3;9996;1;9995;25;10004;1;10005;25;;;10003.0;688.0
0;49300;STARFRUIT;5035;6;5034;29;;;5041;29;;;;;5038.0;-455.671875
0;49300;AMETHYSTS;9998;3;9995;29;;;10005;29;;;;;10001.5;690.0
0;49400;STARFRUIT;5035;23;;;;;5042;23;;;;;5038.5;-464.203125
0;49400;AMETHYSTS;9996;1;9995;22;;;10004;1;10005;22;;;10000.0;690.0
0;49500;AMETHYSTS;9996;1;9995;24;;;10004;1;10005;24;;;10000.0;690.0
0;49500;STARFRUIT;5035;25;;;;;5041;1;5042;24;;;5038.0;-458.8828125
0;49600;STARFRUIT;5036;2;5035;28;;;5038;3;5042;30;;;5037.0;-469.484375
0;49600;AMETHYSTS;9996;2;9995;28;;;10000;3;10002;9;10004;2;9998.0;690.0
0;49700;STARFRUIT;5041;1;5036;6;5035;21;5042;21;;;;;5041.5;-467.796875
0;49700;AMETHYSTS;9995;21;;;;;10005;21;;;;;10000.0;690.0
0;49800;AMETHYSTS;9995;20;;;;;10002;7;10005;20;;;9998.5;690.0
0;49800;STARFRUIT;5036;20;;;;;5037;1;5043;20;;;5036.5;-474.4296875
0;49900;AMETHYSTS;9996;1;9995;23;;;10004;1;10005;23;;;10000.0;690.0
0;49900;STARFRUIT;5038;5;5037;24;;;5044;24;;;;;5041.0;-481.40234375
0;50000;STARFRUIT;5037;26;;;;;5044;26;;;;;5040.5;-483.39453125
0;50000;AMETHYSTS;9996;2;9995;24;;;10002;5;10004;2;10005;24;9999.0;690.0
0;50100;AMETHYSTS;10002;4;9996;2;9995;22;10004;2;10005;22;;;10003.0;690.0
0;50100;STARFRUIT;5037;24;;;;;5043;2;5044;22;;;5040.0;-478.61328125
0;50200;AMETHYSTS;9996;1;9995;28;;;10004;1;10005;28;;;10000.0;690.0
0;50200;STARFRUIT;5036;29;;;;;5043;29;;;;;5039.5;-471.3046875
0;50300;AMETHYSTS;9995;23;;;;;10005;23;;;;;10000.0;690.0
0;50300;STARFRUIT;5036;23;;;;;5041;4;5043;23;;;5038.5;-475.0078125
0;50400;STARFRUIT;5037;2;5036;23;;;5038;3;5043;23;;;5037.5;-472.8515625
0;50400;AMETHYSTS;9996;2;9995;21;;;10004;2;10005;21;;;10000.0;690.0
0;50500;AMETHYSTS;10000;4;9998;7;9996;1;10004;1;10005;27;;;10002.0;690.0
0;50500;STARFRUIT;5039;4;5036;28;;;5043;28;;;;;5041.0;-465.828125
0;50600;AMETHYSTS;9998;7;9996;2;9995;22;10000;5;10004;2;10005;22;9999.0;690.0
0;50600;STARFRUIT;5036;24;;;;;5039;4;5043;24;;;5037.5;-465.0078125
0;50700;AMETHYSTS;9998;9;9995;20;;;10005;20;;;;;10001.5;690.0
0;50700;STARFRUIT;5036;20;;;;;5043;20;;;;;5039.5;-464.453125
0;50800;STARFRUIT;5037;2;5036;26;;;5043;28;;;;;5040.0;-468.16796875
0;50800;AMETHYSTS;9998;7;9996;2;9995;26;10004;2;10005;26;;;10001.0;690.0
0;50900;AMETHYSTS;9998;2;9995;30;;;10000;5;10005;30;;;9999.0;690.0
0;50900;STARFRUIT;5036;30;;;;;5037;1;5039;5;5043;30;5036.5;-469.0390625
0;51000;AMETHYSTS;9996;2;9995;23;;;10004;2;10005;23;;;10000.0;690.0
0;51000;STARFRUIT;5037;25;;;;;5043;2;5044;23;;;5040.0;-467.3359375
0;51100;AMETHYSTS;9995;29;;;;;10002;1;10005;29;;;9998.5;690.0
0;51100;STARFRUIT;5038;3;5037;29;;;5044;29;;;;;5041.0;-472.80078125
0;51200;STARFRUIT;5037;30;;;;;5044;30;;;;;5040.5;-472.51953125
0;51200;AMETHYSTS;9995;30;;;;;10005;30;;;;;10000.0;690.0
0;51300;AMETHYSTS;9996;2;9995;23;;;9998;5;10002;5;10004;2;9997.0;690.0
0;51300;STARFRUIT;5038;2;5037;23;;;5044;25;;;;;5041.0;-473.53125
0;51400;AMETHYSTS;9996;1;9995;22;;;10004;1;10005;22;;;10000.0;700.0
0;51400;STARFRUIT;5037;23;;;;;5042;5;5044;23;;;5039.5;-470.5234375
0;51500;AMETHYSTS;9995;21;;;;;10005;21;;;;;10000.0;700.0
0;51500;STARFRUIT;5037;21;;;;;5044;21;;;;;5040.5;-466.109375
0;51600;STARFRUIT;5042;3;5038;2;5037;21;5044;23;;;;;5043.0;-464.7734375
0;51600;AMETHYSTS;9996;2;9995;21;;;10002;5;10004;2;10005;21;9999.0;704.0
0;51700;AMETHYSTS;9996;2;9995;30;;;10004;2;10005;30;;;10000.0;704.0
0;51700;STARFRUIT;5038;2;5037;30;;;5044;32;;;;;5041.0;-461.171875
0;51800;AMETHYSTS;9995;25;;;;;10005;25;;;;;10000.0;704.0
0;51800;STARFRUIT;5037;25;;;;;5044;25;;;;;5040.5;-457.65625
0;51900;AMETHYSTS;9996;2;9995;26;;;10004;2;10005;26;;;10000.0;704.0
0;51900;STARFRUIT;5037;28;;;;;5044;28;;;;;5040.5;-451.796875
0;52000;AMETHYSTS;9998;2;9995;21;;;10000;5;10005;21;;;9999.0;704.0
0;52000;STARFRUIT;5038;5;5037;21;;;5040;5;5044;21;;;5039.0;-456.8359375
0;52100;AMETHYSTS;9996;1;9995;27;;;10004;1;10005;27;;;10000.0;704.0
0;52100;STARFRUIT;5038;1;5037;27;;;5044;28;;;;;5041.0;-457.62109375
0;52200;AMETHYSTS;9995;23;;;;;10005;23;;;;;10000.0;704.0
0;52200;STARFRUIT;5037;22;;;;;5044;23;;;;;5040.5;-453.3203125
0;52300;STARFRUIT;5037;30;;;;;5044;30;;;;;5040.5;-456.6875
0;52300;AMETHYSTS;9995;30;;;;;10005;30;;;;;10000.0;704.0
0;52400;AMETHYSTS;10002;3;9996;1;9995;20;10004;1;10005;20;;;10003.0;704.0
0;52400;STARFRUIT;5038;1;5037;21;;;5040;4;5044;21;;;5039.0;-456.28515625
0;52500;AMETHYSTS;9996;2;9995;25;;;10004;2;10005;25;;;10000.0;710.0
0;52500;STARFRUIT;5037;27;;;;;5043;2;5044;25;;;5040.0;-448.3671875
0;52600;AMETHYSTS;9996;1;9995;30;;;10004;1;10005;30;;;10000.0;710.0
0;52600;STARFRUIT;5037;31;;;;;5043;1;5044;30;;;5040.0;-447.3125
0;52700;STARFRUIT;5042;1;5037;25;;;5043;1;5044;24;;;5042.5;-447.78125
0;52700;AMETHYSTS;9996;1;9995;24;;;10002;9;10004;1;10005;24;9999.0;726.0
0;52800;AMETHYSTS;9996;2;9995;26;;;10004;2;10005;26;;;10000.0;726.0
0;52800;STARFRUIT;5042;1;5037;28;;;5044;28;;;;;5043.0;-469.5546875
0;52900;AMETHYSTS;9996;1;9995;26;;;10002;3;10004;1;10005;26;9999.0;726.0
0;52900;STARFRUIT;5036;27;;;;;5043;27;;;;;5039.5;-481.375
0;53000;AMETHYSTS;9996;1;9995;29;;;10004;1;10005;29;;;10000.0;726.0
0;53000;STARFRUIT;5036;1;5035;29;;;5042;30;;;;;5039.0;-493.109375
0;53100;STARFRUIT;5036;2;5035;21;;;5042;2;5043;21;;;5039.0;-490.046875
0;53100;AMETHYSTS;9996;2;9995;21;;;9998;5;10004;2;10005;21;9997.0;726.0
0;53200;AMETHYSTS;9995;23;;;;;10005;23;;;;;10000.0;736.0
0;53200;STARFRUIT;5041;1;5036;23;;;5043;23;;;;;5042.0;-482.40625
0;53300;AMETHYSTS;9995;20;;;;;10005;20;;;;;10000.0;736.0
0;53300;STARFRUIT;5036;20;;;;;5043;20;;;;;5039.5;-486.1484375
0;53400;AMETHYSTS;9996;2;9995;30;;;9998;1;10004;2;10005;30;9997.0;736.0
0;53400;STARFRUIT;5038;7;5037;32;;;5044;32;;;;;5041.0;-461.5859375
0;53500;STARFRUIT;5037;25;;;;;5042;2;5044;25;;;5039.5;-457.75
0;53500;AMETHYSTS;9995;25;;;;;10002;7;10005;25;;;9998.5;738.0
0;53600;AMETHYSTS;9998;2;9996;1;9995;22;10004;1;10005;22;;;10001.0;738.0
0;53600;STARFRUIT;5037;23;;;;;5044;23;;;;;5040.5;-454.890625
0;53700;AMETHYSTS;9995;23;;;;;10005;23;;;;;10000.0;738.0
0;53700;STARFRUIT;5038;1;5037;23;;;5044;23;;;;;5041.0;-479.15625
0;53800;AMETHYSTS;9998;8;9995;29;;;10005;29;;;;;10001.5;738.0
0;53800;STARFRUIT;5037;29;;;;;5044;29;;;;;5040.5;-472.796875
0;53900;STARFRUIT;5038;1;5037;25;;;5040;4;5044;26;;;5039.0;-484.4921875
0;53900;AMETHYSTS;9996;1;9995;25;;;10000;4;10002;8;10004;1;9998.0;738.0
0;54000;AMETHYSTS;9996;1;9995;21;;;10002;1;10004;1;10005;21;9999.0;738.0
0;54000;STARFRUIT;5038;7;5037;22;;;5044;22;;;;;5041.0;-476.015625
0;54100;AMETHYSTS;9996;1;9995;21;;;10004;1;10005;21;;;10000.0;738.0
0;54100;STARFRUIT;5038;4;5037;22;;;5043;1;5044;21;;;5040.5;-469.3671875
0;54200;AMETHYSTS;9996;1;9995;20;;;10004;1;10005;20;;;10000.0;742.0
0;54200;STARFRUIT;5037;20;;;;;5043;1;5044;20;;;5040.0;-467.125
0;54300;STARFRUIT;5037;28;;;;;5043;2;5044;26;;;5040.0;-467.203125
0;54300;AMETHYSTS;10002;1;9996;2;9995;26;10004;2;10005;26;;;10003.0;742.0
0;54400;AMETHYSTS;9995;22;;;;;10005;22;;;;;10000.0;748.0
0;54400;STARFRUIT;5037;22;;;;;5044;22;;;;;5040.5;-480.265625
0;54500;AMETHYSTS;9996;2;9995;27;;;10002;2;10004;2;10005;27;9999.0;748.0
0;54500;STARFRUIT;5038;29;;;;;5045;29;;;;;5041.5;-485.8203125
0;54600;AMETHYSTS;10002;2;9996;1;9995;29;10004;1;10005;29;;;10003.0;748.0
0;54600;STARFRUIT;5038;30;;;;;5045;30;;;;;5041.5;-508.9453125
0;54700;STARFRUIT;5038;1;5037;22;;;5044;1;5045;22;;;5041.0;-518.140625
0;54700;AMETHYSTS;9996;1;9995;22;;;10004;1;10005;22;;;10000.0;752.0
0;54800;AMETHYSTS;9996;2;9995;23;;;10004;2;10005;23;;;10000.0;768.0
0;54800;STARFRUIT;5039;9;5038;23;;;5045;25;;;;;5042.0;-504.03125
0;54900;AMETHYSTS;9996;2;9995;22;;;10004;2;10005;22;;;10000.0;768.0
0;54900;STARFRUIT;5038;24;;;;;5043;1;5045;24;;;5040.5;-506.8984375
0;55000;AMETHYSTS;9996;2;9995;20;;;10004;2;10005;20;;;10000.0;768.0
0;55000;STARFRUIT;5039;2;5038;20;;;5043;7;5045;22;;;5041.0;-503.234375
0;55100;STARFRUIT;5039;26;;;;;5045;2;5046;24;;;5042.0;-498.6171875
0;55100;AMETHYSTS;9996;2;9995;24;;;10004;2;10005;24;;;10000.0;768.0
0;55200;AMETHYSTS;9998;8;9996;1;9995;25;10004;1;10005;25;;;10001.0;768.0
0;55200;STARFRUIT;5038;25;;;;;5045;26;;;;;5041.5;-502.5078125
0;55300;AMETHYSTS;9995;22;;;;;10002;5;10005;22;;;9998.5;768.0
0;55300;STARFRUIT;5039;22;;;;;5044;3;5046;22;;;5041.5;-497.8125
0;55400;AMETHYSTS;9998;7;9996;1;9995;27;10004;1;10005;27;;;10001.0;768.0
0;55400;STARFRUIT;5039;6;5038;27;;;5045;28;;;;;5042.0;-501.0390625
0;55500;STARFRUIT;5039;2;5038;22;;;5043;2;5045;24;;;5041.0;-534.640625
0;55500;AMETHYSTS;9996;2;9995;22;;;10004;2;10005;22;;;10000.0;768.0
0;55600;AMETHYSTS;9995;23;;;;;10002;9;10005;23;;;9998.5;768.0
0;55600;STARFRUIT;5038;23;;;;;5045;23;;;;;5041.5;-534.6796875
0;55700;AMETHYSTS;9996;1;9995;21;;;10002;7;10004;1;10005;21;9999.0;768.0
0;55700;STARFRUIT;5038;22;;;;;5045;22;;;;;5041.5;-530.125
0;55800;AMETHYSTS;9996;1;9995;25;;;10004;1;10005;25;;;10000.0;768.0
0;55800;STARFRUIT;5039;8;5038;26;;;5045;26;;;;;5042.0;-532.109375
0;55900;STARFRUIT;5041;4;5038;20;;;5045;20;;;;;5043.0;-528.78125
0;55900;AMETHYSTS;9995;20;;;;;10005;20;;;;;10000.0;768.0
0;56000;AMETHYSTS;10000;2;9996;1;9995;24;10002;6;10004;1;10005;24;10001.0;768.0
0;56000;STARFRUIT;5041;2;5038;25;;;5043;7;5045;25;;;5042.0;-528.6640625
0;56100;AMETHYSTS;9996;1;9995;27;;;9998;1;10002;3;10004;1;9997.0;768.0
0;56100;STARFRUIT;5038;28;;;;;5044;1;5045;27;;;5041.0;-519.265625
0;56200;AMETHYSTS;9996;1;9995;30;;;10000;4;10004;1;10005;30;9998.0;770.0
0;56200;STARFRUIT;5038;31;;;;;5041;4;5044;1;5045;30;5039.5;-521.1640625
0;56300;STARFRUIT;5038;28;;;;;5045;28;;;;;5041.5;-521.1796875
0;56300;AMETHYSTS;9995;28;;;;;10005;28;;;;;10000.0;770.0
0;56400;STARFRUIT;5038;29;;;;;5045;29;;;;;5041.5;-521.6796875
0;56400;AMETHYSTS;9996;2;9995;27;;;10004;2;10005;27;;;10000.0;770.0
0;56500;AMETHYSTS;9995;21;;;;;10002;9;10005;21;;;9998.5;770.0
0;56500;STARFRUIT;5038;21;;;;;5045;21;;;;;5041.5;-545.8046875
0;56600;STARFRUIT;5038;2;5037;28;;;5043;3;5044;2;5045;28;5040.5;-554.1953125
0;56600;AMETHYSTS;9996;2;9995;28;;;10002;2;10004;2;10005;28;9999.0;770.0
0;56700;STARFRUIT;5038;2;5037;27;;;5039;4;5044;27;;;5038.5;-556.1171875
0;56700;AMETHYSTS;9998;5;9995;27;;;10005;27;;;;;10001.5;770.0
0;56800;STARFRUIT;5038;8;5037;23;;;5044;23;;;;;5041.0;-561.234375
0;56800;AMETHYSTS;9995;23;;;;;10005;23;;;;;10000.0;770.0
0;56900;AMETHYSTS;9996;1;9995;20;;;10004;1;10005;20;;;10000.0;770.0
0;56900;STARFRUIT;5037;21;;;;;5044;21;;;;;5040.5;-566.0625
0;57000;STARFRUIT;5037;22;;;;;5044;22;;;;;5040.5;-559.6171875
0;57000;AMETHYSTS;9996;2;9995;20;;;10002;10;10004;2;10005;20;9999.0;770.0
0;57100;STARFRUIT;5043;1;5037;24;;;5045;24;;;;;5044.0;-553.6796875
0;57100;AMETHYSTS;9998;6;9995;24;;;10005;24;;;;;10001.5;770.0
0;57200;STARFRUIT;5038;1;5037;25;;;5044;26;;;;;5041.0;-555.625
0;57200;AMETHYSTS;9998;5;9996;1;9995;25;10004;1;10005;25;;;10001.0;770.0
0;57300;AMETHYSTS;9996;1;9995;30;;;10004;1;10005;30;;;10000.0;770.0
0;57300;STARFRUIT;5038;31;;;;;5043;1;5044;1;5045;30;5040.5;-548.5
0;57400;STARFRUIT;5038;28;;;;;5044;1;5045;27;;;5041.0;-547.9921875
0;57400;AMETHYSTS;9996;1;9995;27;;;10004;1;10005;27;;;10000.0;770.0
0;57500;STARFRUIT;5038;2;5037;21;;;5044;21;;;;;5041.0;-552.90625
0;57500;AMETHYSTS;9995;21;;;;;10005;21;;;;;10000.0;770.0
0;57600;STARFRUIT;5040;5;5038;2;5037;20;5044;22;;;;;5042.0;-553.9921875
0;57600;AMETHYSTS;10000;4;9996;2;9995;20;10004;2;10005;20;;;10002.0;770.0
0;57700;AMETHYSTS;9998;2;9996;1;9995;21;10004;1;10005;21;;;10001.0;770.0
0;57700;STARFRUIT;5037;22;;;;;5044;22;;;;;5040.5;-578.5390625
0;57800;STARFRUIT;5038;7;5037;28;;;5044;28;;;;;5041.0;-583.1484375
0;57800;AMETHYSTS;9996;2;9995;26;;;10002;4;10004;2;10005;26;9999.0;770.0
0;57900;STARFRUIT;5037;2;5036;26;;;5038;5;5043;28;;;5037.5;-569.984375
0;57900;AMETHYSTS;9996;2;9995;26;;;10004;2;10005;26;;;10000.0;770.0
0;58000;STARFRUIT;5037;28;;;;;5044;28;;;;;5040.5;-564.5390625
0;58000;AMETHYSTS;9995;28;;;;;10005;28;;;;;10000.0;770.0
0;58100;AMETHYSTS;9998;7;9995;20;;;10005;20;;;;;10001.5;770.0
0;58100;STARFRUIT;5037;20;;;;;5044;20;;;;;5040.5;-564.484375
0;58200;STARFRUIT;5037;29;;;;;5043;2;5044;27;;;5040.0;-558.8984375
0;58200;AMETHYSTS;9996;2;9995;27;;;10004;2;10005;27;;;10000.0;774.0
0;58300;STARFRUIT;5037;2;5036;28;;;5043;30;;;;;5040.0;-553.828125
0;58300;AMETHYSTS;9996;2;9995;28;;;10004;2;10005;28;;;10000.0;774.0
0;58400;STARFRUIT;5037;25;;;;;5044;25;;;;;5040.5;-559.3671875
0;58400;AMETHYSTS;9995;25;;;;;10005;25;;;;;10000.0;774.0
0;58500;AMETHYSTS;9998;3;9996;2;9995;20;10004;2;10005;20;;;10001.0;774.0
0;58500;STARFRUIT;5038;2;5037;20;;;5042;2;5044;22;;;5040.0;-571.921875
0;58600;STARFRUIT;5038;23;;;;;5045;23;;;;;5041.5;-583.046875
0;58600;AMETHYSTS;9996;1;9995;22;;;10004;1;10005;22;;;10000.0;774.0
0;58700;AMETHYSTS;9996;1;9995;29;;;9998;1;10000;4;10004;1;9997.0;776.0
0;58700;STARFRUIT;5038;30;;;;;5041;4;5044;1;5045;29;5039.5;-580.6015625
0;58800;AMETHYSTS;9996;1;9995;30;;;10004;1;10005;30;;;10000.0;778.0
0;58800;STARFRUIT;5038;1;5037;30;;;5042;5;5044;31;;;5040.0;-574.96875
0;58900;AMETHYSTS;9996;2;9995;23;;;10004;2;10005;23;;;10000.0;782.0
0;58900;STARFRUIT;5043;1;5037;25;;;5044;25;;;;;5043.5;-571.9140625
0;59000;STARFRUIT;5038;1;5037;23;;;5044;1;5045;23;;;5041.0;-572.5703125
0;59000;AMETHYSTS;9996;1;9995;23;;;10004;1;10005;23;;;10000.0;782.0
0;59100;AMETHYSTS;9998;7;9996;1;9995;20;10004;1;10005;20;;;10001.0;782.0
0;59100;STARFRUIT;5038;1;5037;20;;;5044;21;;;;;5041.0;-571.171875
0;59200;AMETHYSTS;10002;1;9996;2;9995;23;10004;2;10005;23;;;10003.0;782.0
0;59200;STARFRUIT;5042;10;5038;10;5037;23;5044;25;;;;;5043.0;-569.2578125
0;59300;AMETHYSTS;9998;5;9995;22;;;10005;22;;;;;10001.5;784.0
0;59300;STARFRUIT;5036;22;;;;;5044;22;;;;;5040.0;-551.0078125
0;59400;STARFRUIT;5036;23;;;;;5043;23;;;;;5039.5;-545.8515625
0;59400;AMETHYSTS;10002;1;9995;23;;;10005;23;;;;;10003.5;784.0
0;59500;AMETHYSTS;9996;2;9995;22;;;10004;2;10005;22;;;10000.0;784.0
0;59500;STARFRUIT;5037;2;5036;22;;;5043;2;5044;22;;;5040.0;-550.9609375
0;59600;AMETHYSTS;10002;1;9996;1;9995;24;10004;1;10005;24;;;10003.0;784.0
0;59600;STARFRUIT;5037;25;;;;;5044;25;;;;;5040.5;-558.53125
0;59700;AMETHYSTS;9996;1;9995;25;;;10004;1;10005;25;;;10000.0;784.0
0;59700;STARFRUIT;5044;1;5038;26;;;5045;26;;;;;5044.5;-582.0234375
0;59800;STARFRUIT;5038;24;;;;;5045;24;;;;;5041.5;-583.4140625
0;59800;AMETHYSTS;9998;9;9996;2;9995;22;10004;2;10005;22;;;10001.0;784.0
0;59900;AMETHYSTS;9996;2;9995;23;;;10004;2;10005;23;;;10000.0;784.0
0;59900;STARFRUIT;5038;2;5037;23;;;5042;4;5044;25;;;5040.0;-567.8046875
0;60000;AMETHYSTS;9996;1;9995;25;;;9998;3;10002;10;10004;1;9997.0;788.0
0;60000;STARFRUIT;5038;5;5037;26;;;5044;26;;;;;5041.0;-566.3828125
0;60100;AMETHYSTS;9996;1;9995;27;;;10004;1;10005;27;;;10000.0;794.0
0;60100;STARFRUIT;5037;28;;;;;5044;28;;;;;5040.5;-562.953125
0;60200;STARFRUIT;5037;26;;;;;5044;26;;;;;5040.5;-562.0078125
0;60200;AMETHYSTS;9996;1;9995;25;;;10004;1;10005;25;;;10000.0;794.0
0;60300;AMETHYSTS;9998;3;9996;1;9995;23;10004;1;10005;23;;;10001.0;794.0
0;60300;STARFRUIT;5037;24;;;;;5044;24;;;;;5040.5;-561.1015625
0;60400;AMETHYSTS;9996;2;9995;22;;;9998;1;10004;2;10005;22;9997.0;794.0
0;60400;STARFRUIT;5037;24;;;;;5043;2;5044;22;;;5040.0;-555.1015625
0;60500;AMETHYSTS;9995;25;;;;;10000;2;10005;25;;;9997.5;810.0
0;60500;STARFRUIT;5037;25;;;;;5040;2;5044;25;;;5038.5;-554.6171875
0;60600;STARFRUIT;5037;21;;;;;5043;1;5044;21;;;5040.0;-556.4765625
0;60600;AMETHYSTS;9996;1;9995;21;;;10004;1;10005;21;;;10000.0;810.0
0;60700;AMETHYSTS;9998;10;9995;24;;;10005;24;;;;;10001.5;850.0
0;60700;STARFRUIT;5042;9;5037;24;;;5044;24;;;;;5043.0;-561.6953125
0;60800;AMETHYSTS;9996;2;9995;26;;;10004;2;10005;26;;;10000.0;850.0
0;60800;STARFRUIT;5043;1;5037;28;;;5044;28;;;;;5043.5;-559.4921875
0;60900;STARFRUIT;5043;1;5037;29;;;5044;29;;;;;5043.5;-560.671875
0;60900;AMETHYSTS;9998;10;9995;29;;;10005;29;;;;;10001.5;850.0
0;61000;AMETHYSTS;9996;1;9995;25;;;9998;1;10004;1;10005;25;9997.0;850.0
0;61000;STARFRUIT;5037;26;;;;;5044;26;;;;;5040.5;-559.4609375
0;61100;AMETHYSTS;9996;2;9995;29;;;10004;2;10005;29;;;10000.0;852.0
0;61100;STARFRUIT;5037;31;;;;;5044;31;;;;;5040.5;-550.203125
0;61200;AMETHYSTS;9998;1;9995;22;;;10005;22;;;;;10001.5;852.0
0;61200;STARFRUIT;5038;5;5037;22;;;5039;3;5044;22;;;5038.5;-559.6875
0;61300;STARFRUIT;5036;27;;;;;5043;27;;;;;5039.5;-538.5859375
0;61300;AMETHYSTS;9995;27;;;;;10005;27;;;;;10000.0;852.0
0;61400;AMETHYSTS;9995;28;;;;;10005;28;;;;;10000.0;852.0
0;61400;STARFRUIT;5037;28;;;;;5044;28;;;;;5040.5;-546.53125
0;61500;AMETHYSTS;9998;4;9995;22;;;10005;22;;;;;10001.5;852.0
0;61500;STARFRUIT;5042;1;5037;22;;;5044;22;;;;;5043.0;-544.1796875
0;61600;AMETHYSTS;9996;1;9995;27;;;10004;1;10005;27;;;10000.0;852.0
0;61600;STARFRUIT;5037;28;;;;;5044;28;;;;;5040.5;-565.875
0;61700;STARFRUIT;5037;23;;;;;5044;23;;;;;5040.5;-563.5625
0;61700;AMETHYSTS;9996;2;9995;21;;;10004;2;10005;21;;;10000.0;852.0
0;61800;AMETHYSTS;9996;2;9995;24;;;10004;2;10005;24;;;10000.0;852.0
0;61800;STARFRUIT;5037;26;;;;;5038;1;5044;26;;;5037.5;-565.8828125
0;61900;AMETHYSTS;9995;28;;;;;10002;8;10005;28;;;9998.5;852.0
0;61900;STARFRUIT;5037;28;;;;;5044;28;;;;;5040.5;-557.109375
0;62000;AMETHYSTS;9995;24;;;;;10005;24;;;;;10000.0;852.0
0;62000;STARFRUIT;5037;24;;;;;5044;24;;;;;5040.5;-585.7890625
0;62100;STARFRUIT;5037;27;;;;;5043;2;5044;25;;;5040.0;-578.09375
0;62100;AMETHYSTS;9996;2;9995;25;;;10002;3;10004;2;10005;25;9999.0;852.0
0;62200;AMETHYSTS;9998;9;9996;2;9995;22;10004;2;10005;22;;;10001.0;852.0
0;62200;STARFRUIT;5037;24;;;;;5042;1;5044;24;;;5039.5;-587.4609375
0;62300;AMETHYSTS;9995;21;;;;;10005;21;;;;;10000.0;852.0
0;62300;STARFRUIT;5037;21;;;;;5044;21;;;;;5040.5;-590.7109375
0;62400;AMETHYSTS;9995;24;;;;;10005;24;;;;;10000.0;852.0
0;62400;STARFRUIT;5037;24;;;;;5044;24;;;;;5040.5;-591.25
0;62500;STARFRUIT;5038;2;5037;25;;;5044;27;;;;;5041.0;-591.6796875
0;62500;AMETHYSTS;9996;2;9995;25;;;10004;2;10005;25;;;10000.0;852.0
0;62600;AMETHYSTS;9998;6;9996;1;9995;21;10004;1;10005;21;;;10001.0;852.0
0;62600;STARFRUIT;5038;1;5037;21;;;5044;22;;;;;5041.0;-592.25
0;62700;AMETHYSTS;9998;3;9995;25;;;10005;25;;;;;10001.5;852.0
0;62700;STARFRUIT;5037;25;;;;;5044;25;;;;;5040.5;-581.578125
0;62800;AMETHYSTS;9995;22;;;;;10005;22;;;;;10000.0;852.0
0;62800;STARFRUIT;5037;22;;;;;5044;22;;;;;5040.5;-586.2421875
0;62900;STARFRUIT;5037;22;;;;;5043;2;5044;20;;;5040.0;-577.96875
0;62900;AMETHYSTS;10002;11;9998;3;9996;2;10004;2;10005;20;;;10003.0;900.0
0;63000;AMETHYSTS;9995;30;;;;;10005;30;;;;;10000.0;922.0
0;63000;STARFRUIT;5037;30;;;;;5044;30;;;;;5040.5;-588.5234375
0;63100;AMETHYSTS;9995;30;;;;;9998;1;10005;30;;;9996.5;922.0
0;63100;STARFRUIT;5037;30;;;;;5044;30;;;;;5040.5;-591.515625
0;63200;AMETHYSTS;9996;1;9995;24;;;10004;1;10005;24;;;10000.0;924.0
0;63200;STARFRUIT;5038;25;;;;;5044;1;5045;24;;;5041.0;-597.203125
0;63300;STARFRUIT;5043;1;5038;30;;;5045;30;;;;;5044.0;-600.8984375
0;63300;AMETHYSTS;10002;4;9995;30;;;10005;30;;;;;10003.5;924.0
0;63400;AMETHYSTS;9996;2;9995;22;;;10004;2;10005;22;;;10000.0;932.0
0;63400;STARFRUIT;5038;24;;;;;5044;2;5045;22;;;5041.0;-634.2265625
0;63500;AMETHYSTS;9995;28;;;;;10005;28;;;;;10000.0;932.0
0;63500;STARFRUIT;5038;3;5037;28;;;5044;28;;;;;5041.0;-640.890625
0;63600;AMETHYSTS;9995;22;;;;;10005;22;;;;;10000.0;932.0
0;63600;STARFRUIT;5042;1;5037;22;;;5044;22;;;;;5043.0;-663.6015625
0;63700;STARFRUIT;5037;21;;;;;5040;5;5042;7;5044;21;5038.5;-660.1640625
0;63700;AMETHYSTS;9995;21;;;;;10000;5;10002;7;10005;21;9997.5;932.0
0;63800;AMETHYSTS;9996;1;9995;27;;;9998;1;10004;1;10005;27;9997.0;932.0
0;63800;STARFRUIT;5036;1;5035;27;;;5042;28;;;;;5039.0;-710.71875
0;63900;AMETHYSTS;9995;22;;;;;10000;2;10005;22;;;9997.5;934.0
0;63900;STARFRUIT;5035;22;;;;;5039;2;5043;22;;;5037.0;-709.546875
0;64000;AMETHYSTS;9995;30;;;;;9998;11;10002;10;10005;30;9996.5;934.0
0;64000;STARFRUIT;5036;2;5035;30;;;5042;30;;;;;5039.0;-717.1171875
0;64100;STARFRUIT;5036;28;;;;;5041;4;5042;2;5043;26;5038.5;-707.515625
0;64100;AMETHYSTS;9996;2;9995;26;;;10002;4;10004;2;10005;26;9999.0;956.0
0;64200;AMETHYSTS;9996;2;9995;25;;;10004;2;10005;25;;;10000.0;956.0
0;64200;STARFRUIT;5036;27;;;;;5043;27;;;;;5039.5;-702.921875
0;64300;AMETHYSTS;9998;4;9996;2;9995;20;10004;2;10005;20;;;10001.0;956.0
0;64300;STARFRUIT;5036;2;5035;22;;;5042;22;;;;;5039.0;-715.0078125
0;64400;AMETHYSTS;9996;2;9995;27;;;10004;2;10005;27;;;10000.0;956.0
0;64400;STARFRUIT;5036;4;5035;29;;;5042;29;;;;;5039.0;-717.3828125
0;64500;STARFRUIT;5036;7;5035;22;;;5042;22;;;;;5039.0;-741.5546875
0;64500;AMETHYSTS;9996;2;9995;20;;;10004;2;10005;20;;;10000.0;956.0
0;64600;AMETHYSTS;9996;2;9995;27;;;10004;2;10005;27;;;10000.0;956.0
0;64600;STARFRUIT;5036;2;5035;27;;;5042;29;;;;;5039.0;-749.1875
0;64700;AMETHYSTS;10002;1;9996;1;9995;28;10004;1;10005;28;;;10003.0;980.0
0;64700;STARFRUIT;5036;1;5035;28;;;5042;1;5043;28;;;5039.0;-750.0078125
0;64800;AMETHYSTS;9996;1;9995;20;;;10004;1;10005;20;;;10000.0;982.0
0;64800;STARFRUIT;5036;20;;;;;5042;1;5043;20;;;5039.0;-753.7421875
0;64900;STARFRUIT;5036;2;5035;30;;;5042;32;;;;;5039.0;-747.21875
0;64900;AMETHYSTS;9996;2;9995;30;;;9998;4;10002;10;10004;2;9997.0;982.0
0;65000;AMETHYSTS;9996;1;9995;26;;;10002;5;10004;1;10005;26;9999.0;984.0
0;65000;STARFRUIT;5041;1;5036;27;;;5042;1;5043;26;;;5041.5;-751.3359375
0;65100;AMETHYSTS;9998;10;9996;1;9995;25;10004;1;10005;25;;;10001.0;984.0
0;65100;STARFRUIT;5036;1;5035;25;;;5042;26;;;;;5039.0;-747.9609375
0;65200;AMETHYSTS;9996;1;9995;28;;;10002;6;10004;1;10005;28;9999.0;984.0
0;65200;STARFRUIT;5037;2;5036;29;;;5042;1;5043;28;;;5039.5;-754.4453125
0;65300;STARFRUIT;5036;29;;;;;5041;1;5043;29;;;5038.5;-753.4375
0;65300;AMETHYSTS;9995;29;;;;;10002;9;10005;29;;;9998.5;984.0
0;65400;STARFRUIT;5035;21;;;;;5037;2;5042;21;;;5036.0;-744.203125
0;65400;AMETHYSTS;9998;10;9995;21;;;10005;21;;;;;10001.5;984.0
0;65500;AMETHYSTS;9995;20;;;;;10005;20;;;;;10000.0;984.0
0;65500;STARFRUIT;5035;20;;;;;5042;20;;;;;5038.5;-738.3359375
0;65600;STARFRUIT;5036;6;5035;20;;;5042;20;;;;;5039.0;-739.3984375
0;65600;AMETHYSTS;9998;3;9995;20;;;10005;20;;;;;10001.5;984.0
0;65700;STARFRUIT;5035;24;;;;;5036;1;5043;24;;;5035.5;-746.296875
0;65700;AMETHYSTS;9995;24;;;;;10005;24;;;;;10000.0;984.0
0;65800;STARFRUIT;5037;1;5036;30;;;5043;30;;;;;5040.0;-748.96875
0;65800;AMETHYSTS;10002;4;9995;30;;;10005;30;;;;;10003.5;984.0
0;65900;AMETHYSTS;9996;2;9995;24;;;10004;2;10005;24;;;10000.0;992.0
0;65900;STARFRUIT;5037;2;5036;24;;;5043;26;;;;;5040.0;-759.59375
0;66000;STARFRUIT;5037;7;5036;24;;;5043;25;;;;;5040.0;-759.0
0;66000;AMETHYSTS;9996;1;9995;24;;;10004;1;10005;24;;;10000.0;992.0
0;66100;STARFRUIT;5042;1;5037;25;;;5043;2;5044;23;;;5042.5;-763.0234375
0;66100;AMETHYSTS;9996;2;9995;23;;;10004;2;10005;23;;;10000.0;992.0
0;66200;STARFRUIT;5041;5;5037;23;;;5043;1;5044;22;;;5042.0;-759.390625
0;66200;AMETHYSTS;10002;1;9996;1;9995;22;10004;1;10005;22;;;10003.0;996.0
0;66300;AMETHYSTS;10000;3;9995;20;;;10002;5;10005;20;;;10001.0;998.0
0;66300;STARFRUIT;5040;3;5037;20;;;5044;20;;;;;5042.0;-789.703125
0;66400;STARFRUIT;5037;2;5036;24;;;5043;26;;;;;5040.0;-796.45703125
0;66400;AMETHYSTS;9996;2;9995;24;;;10004;2;10005;24;;;10000.0;998.0
0;66500;STARFRUIT;5042;1;5037;31;;;5043;1;5044;30;;;5042.5;-794.99609375
0;66500;AMETHYSTS;9996;1;9995;30;;;10004;1;10005;30;;;10000.0;998.0
0;66600;STARFRUIT;5037;31;;;;;5044;31;;;;;5040.5;-782.74169921875
0;66600;AMETHYSTS;10002;3;9998;1;9996;2;10004;2;10005;29;;;10003.0;998.0
0;66700;AMETHYSTS;9996;1;9995;25;;;10004;1;10005;25;;;10000.0;1004.0
0;66700;STARFRUIT;5038;5;5037;26;;;5044;26;;;;;5041.0;-782.5703125
0;66800;STARFRUIT;5038;1;5037;25;;;5044;26;;;;;5041.0;-782.17919921875
0;66800;AMETHYSTS;9996;1;9995;25;;;10004;1;10005;25;;;10000.0;1004.0
0;66900;STARFRUIT;5037;3;5036;20;;;5043;20;;;;;5040.0;-783.15283203125
0;66900;AMETHYSTS;9995;20;;;;;10005;20;;;;;10000.0;1004.0
0;67000;STARFRUIT;5036;24;;;;;5042;2;5043;22;;;5039.0;-783.85986328125
0;67000;AMETHYSTS;9998;1;9996;2;9995;22;10004;2;10005;22;;;10001.0;1004.0
0;67100;AMETHYSTS;9996;1;9995;25;;;10004;1;10005;25;;;10000.0;1004.0
0;67100;STARFRUIT;5036;26;;;;;5043;26;;;;;5039.5;-783.46240234375
0;67200;STARFRUIT;5036;23;;;;;5041;6;5043;23;;;5038.5;-783.48681640625
0;67200;AMETHYSTS;9995;23;;;;;10005;23;;;;;10000.0;1004.0
0;67300;STARFRUIT;5038;1;5037;22;;;5043;1;5044;21;;;5040.5;-782.78369140625
0;67300;AMETHYSTS;9996;1;9995;21;;;10004;1;10005;21;;;10000.0;1004.0
0;67400;STARFRUIT;5038;8;5037;29;;;5044;29;;;;;5041.0;-782.76318359375
0;67400;AMETHYSTS;9996;1;9995;28;;;10004;1;10005;28;;;10000.0;1004.0
0;67500;AMETHYSTS;9995;22;;;;;10005;22;;;;;10000.0;1020.0
0;67500;STARFRUIT;5037;22;;;;;5044;22;;;;;5040.5;-782.17822265625
0;67600;STARFRUIT;5038;1;5037;25;;;5044;26;;;;;5041.0;-782.13671875
0;67600;AMETHYSTS;9996;1;9995;25;;;10004;1;10005;25;;;10000.0;1020.0
0;67700;AMETHYSTS;9996;2;9995;21;;;10000;3;10004;2;10005;21;9998.0;1020.0
0;67700;STARFRUIT;5037;23;;;;;5040;3;5044;23;;;5038.5;-782.5380859375
0;67800;AMETHYSTS;9996;2;9995;30;;;10004;2;10005;30;;;10000.0;1020.0
0;67800;STARFRUIT;5038;6;5037;32;;;5044;32;;;;;5041.0;-782.556640625
0;67900;AMETHYSTS;9995;26;;;;;10005;26;;;;;10000.0;1032.0
0;67900;STARFRUIT;5036;26;;;;;5043;26;;;;;5039.5;-783.1748046875
0;68000;STARFRUIT;5042;1;5036;25;;;5043;25;;;;;5042.5;-783.28076171875
0;68000;AMETHYSTS;9995;25;;;;;10002;5;10005;25;;;9998.5;1032.0
0;68100;AMETHYSTS;9996;1;9995;26;;;10002;8;10004;1;10005;26;9999.0;1032.0
0;68100;STARFRUIT;5037;7;5036;27;;;5042;1;5043;26;;;5039.5;-781.0
0;68200;AMETHYSTS;9996;1;9995;23;;;9998;1;10004;1;10005;23;9997.0;1032.0
0;68200;STARFRUIT;5036;1;5035;23;;;5042;24;;;;;5039.0;-781.0
0;68300;AMETHYSTS;9996;1;9995;25;;;10002;4;10004;1;10005;25;9999.0;1034.0
0;68300;STARFRUIT;5035;1;5034;25;;;5041;26;;;;;5038.0;-781.0
0;68400;STARFRUIT;5034;31;;;;;5041;31;;;;;5037.5;-781.0
0;68400;AMETHYSTS;10002;1;9996;1;9995;30;10004;1;10005;30;;;10003.0;1034.0
0;68500;AMETHYSTS;9996;1;9995;22;;;10004;1;10005;22;;;10000.0;1036.0
0;68500;STARFRUIT;5035;1;5034;22;;;5039;5;5041;23;;;5037.0;-781.0
0;68600;AMETHYSTS;9995;27;;;;;9998;1;10005;27;;;9996.5;1038.0
0;68600;STARFRUIT;5034;27;;;;;5042;27;;;;;5038.0;-781.0
0;68700;AMETHYSTS;9998;10;9996;2;9995;20;10004;2;10005;20;;;10001.0;1040.0
0;68700;STARFRUIT;5035;22;;;;;5041;2;5042;20;;;5038.0;-781.0
0;68800;STARFRUIT;5035;1;5034;30;;;5037;6;5041;1;5042;30;5036.0;-781.0
0;68800;AMETHYSTS;9996;1;9995;30;;;10000;6;10002;1;10004;1;9998.0;1040.0
0;68900;AMETHYSTS;9998;3;9996;2;9995;23;10004;2;10005;23;;;10001.0;1040.0
0;68900;STARFRUIT;5035;25;;;;;5041;2;5042;23;;;5038.0;-774.12890625
0;69000;AMETHYSTS;9996;1;9995;27;;;10004;1;10005;27;;;10000.0;1040.0
0;69000;STARFRUIT;5035;28;;;;;5041;1;5042;27;;;5038.0;-774.59765625
0;69100;AMETHYSTS;9996;1;9995;25;;;10004;1;10005;25;;;10000.0;1040.0
0;69100;STARFRUIT;5036;1;5035;26;;;5041;1;5042;25;;;5038.5;-774.736328125
0;69200;STARFRUIT;5035;21;;;;;5042;21;;;;;5038.5;-772.23046875
0;69200;AMETHYSTS;9996;1;9995;20;;;10002;8;10004;1;10005;20;9999.0;1040.0
0;69300;AMETHYSTS;9996;1;9995;23;;;10004;1;10005;23;;;10000.0;1040.0
0;69300;STARFRUIT;5035;1;5034;23;;;5041;24;;;;;5038.0;-775.23828125
0;69400;AMETHYSTS;9995;22;;;;;10005;22;;;;;10000.0;1040.0
0;69400;STARFRUIT;5035;4;5034;22;;;5041;22;;;;;5038.0;-779.890625
0;69500;AMETHYSTS;9996;1;9995;30;;;10002;8;10004;1;10005;30;9999.0;1040.0
0;69500;STARFRUIT;5034;2;5033;31;;;5039;1;5040;30;;;5036.5;-786.67578125
0;69600;STARFRUIT;5033;27;;;;;5040;27;;;;;5036.5;-784.37890625
0;69600;AMETHYSTS;9996;2;9995;25;;;10004;2;10005;25;;;10000.0;1040.0
0;69700;AMETHYSTS;10002;1;9996;2;9995;24;10004;2;10005;24;;;10003.0;1040.0
0;69700;STARFRUIT;5033;26;;;;;5040;26;;;;;5036.5;-784.76953125
0;69800;AMETHYSTS;9996;1;9995;22;;;10004;1;10005;22;;;10000.0;1042.0
0;69800;STARFRUIT;5034;22;;;;;5040;1;5041;22;;;5037.0;-780.3828125
0;69900;STARFRUIT;5034;26;;;;;5040;2;5041;24;;;5037.0;-780.55078125
0;69900;AMETHYSTS;10002;1;9998;10;9996;2;10004;2;10005;24;;;10003.0;1042.0
0;70000;AMETHYSTS;9996;2;9995;28;;;10004;2;10005;28;;;10000.0;1044.0
0;70000;STARFRUIT;5034;2;5033;28;;;5040;2;5041;28;;;5037.0;-780.93359375
0;70100;AMETHYSTS;10002;1;9995;27;;;10005;27;;;;;10003.5;1044.0
0;70100;STARFRUIT;5033;27;;;;;5034;1;5040;27;;;5033.5;-783.3671875
0;70200;AMETHYSTS;9996;2;9995;28;;;10004;2;10005;28;;;10000.0;1046.0
0;70200;STARFRUIT;5033;30;;;;;5040;30;;;;;5036.5;-779.984375
0;70300;STARFRUIT;5034;5;5033;24;;;5040;25;;;;;5037.0;-779.55859375
0;70300;AMETHYSTS;9998;10;9996;1;9995;24;10004;1;10005;24;;;10001.0;1046.0
0;70400;AMETHYSTS;10002;13;9996;2;9995;29;10004;2;10005;29;;;10003.0;1046.0
0;70400;STARFRUIT;5034;31;;;;;5041;31;;;;;5037.5;-775.78125
0;70500;AMETHYSTS;10002;1;9995;21;;;10005;21;;;;;10003.5;1072.0
0;70500;STARFRUIT;5034;21;;;;;5035;3;5041;21;;;5034.5;-776.07421875
0;70600;AMETHYSTS;10002;1;10000;3;9996;1;10004;1;10005;22;;;10003.0;1074.0
0;70600;STARFRUIT;5036;2;5034;1;5033;22;5040;1;5041;22;;;5038.0;-772.1484375
0;70700;STARFRUIT;5033;27;;;;;5040;27;;;;;5036.5;-776.0859375
0;70700;AMETHYSTS;9995;27;;;;;10005;27;;;;;10000.0;1076.0
0;70800;AMETHYSTS;9996;2;9995;20;;;9998;5;10002;8;10004;2;9997.0;1080.0
0;70800;STARFRUIT;5033;22;;;;;5040;22;;;;;5036.5;-779.16015625
0;70900;AMETHYSTS;9995;21;;;;;10005;21;;;;;10000.0;1090.0
0;70900;STARFRUIT;5033;21;;;;;5034;1;5040;21;;;5033.5;-776.87890625
0;71000;AMETHYSTS;9996;2;9995;28;;;9998;3;10004;2;10005;28;9997.0;1090.0
0;71000;STARFRUIT;5034;2;5033;28;;;5038;1;5040;30;;;5036.0;-796.1796875
0;71100;STARFRUIT;5035;6;5034;30;;;5041;30;;;;;5038.0;-805.1953125
0;71100;AMETHYSTS;9998;4;9995;30;;;10005;30;;;;;10001.5;1096.0
0;71200;AMETHYSTS;9996;1;9995;27;;;9998;1;10004;1;10005;27;9997.0;1096.0
0;71200;STARFRUIT;5035;1;5034;27;;;5041;28;;;;;5038.0;-815.0234375
0;71300;AMETHYSTS;9996;2;9995;28;;;10004;2;10005;28;;;10000.0;1098.0
0;71300;STARFRUIT;5035;2;5034;28;;;5040;8;5041;2;5042;28;5037.5;-817.8828125
0;71400;AMETHYSTS;10002;2;9996;2;9995;25;10004;2;10005;25;;;10003.0;1098.0
0;71400;STARFRUIT;5036;2;5035;25;;;5040;6;5042;27;;;5038.0;-833.6953125
0;71500;STARFRUIT;5035;26;;;;;5040;5;5042;26;;;5037.5;-831.984375
0;71500;AMETHYSTS;9995;26;;;;;10005;26;;;;;10000.0;1110.0
0;71600;AMETHYSTS;9998;7;9996;2;9995;29;10004;2;10005;29;;;10001.0;1110.0
0;71600;STARFRUIT;5035;31;;;;;5042;31;;;;;5038.5;-832.484375
0;71700;AMETHYSTS;9996;1;9995;25;;;9998;1;10004;1;10005;25;9997.0;1110.0
0;71700;STARFRUIT;5035;26;;;;;5042;26;;;;;5038.5;-831.2265625
0;71800;AMETHYSTS;9995;22;;;;;9998;1;10005;22;;;9996.5;1112.0
0;71800;STARFRUIT;5035;22;;;;;5042;22;;;;;5038.5;-833.359375
0;71900;STARFRUIT;5036;30;;;;;5043;30;;;;;5039.5;-843.7265625
0;71900;AMETHYSTS;9996;2;9995;28;;;10004;2;10005;28;;;10000.0;1114.0
0;72000;AMETHYSTS;9998;2;9996;1;9995;23;10004;1;10005;23;;;10001.0;1114.0
0;72000;STARFRUIT;5036;24;;;;;5043;24;;;;;5039.5;-843.6171875
0;72100;AMETHYSTS;9996;2;9995;24;;;9998;1;10004;2;10005;24;9997.0;1114.0
0;72100;STARFRUIT;5035;26;;;;;5042;26;;;;;5038.5;-831.3359375
0;72200;AMETHYSTS;9995;25;;;;;9998;1;10005;25;;;9996.5;1116.0
0;72200;STARFRUIT;5035;25;;;;;5042;25;;;;;5038.5;-828.453125
0;72300;STARFRUIT;5036;1;5035;22;;;5040;3;5042;23;;;5038.0;-832.578125
0;72300;AMETHYSTS;9996;1;9995;22;;;10004;1;10005;22;;;10000.0;1118.0
0;72400;AMETHYSTS;9995;25;;;;;10005;25;;;;;10000.0;1118.0
0;72400;STARFRUIT;5036;25;;;;;5043;25;;;;;5039.5;-845.171875
0;72500;AMETHYSTS;10000;4;9996;2;9995;20;10004;2;10005;20;;;10002.0;1118.0
0;72500;STARFRUIT;5039;4;5037;2;5036;20;5043;22;;;;;5041.0;-852.0234375
0;72600;AMETHYSTS;9998;8;9995;28;;;10005;28;;;;;10001.5;1118.0
0;72600;STARFRUIT;5036;28;;;;;5043;28;;;;;5039.5;-851.140625
0;72700;STARFRUIT;5036;28;;;;;5043;28;;;;;5039.5;-840.1328125
0;72700;AMETHYSTS;9995;28;;;;;10005;28;;;;;10000.0;1118.0
0;72800;AMETHYSTS;9996;2;9995;27;;;10004;2;10005;27;;;10000.0;1118.0
0;72800;STARFRUIT;5036;29;;;;;5037;8;5043;29;;;5036.5;-864.5546875
0;72900;AMETHYSTS;9996;1;9995;22;;;10002;4;10004;1;10005;22;9999.0;1118.0
0;72900;STARFRUIT;5037;2;5036;23;;;5043;23;;;;;5040.0;-867.078125
0;73000;AMETHYSTS;9995;21;;;;;10005;21;;;;;10000.0;1118.0
0;73000;STARFRUIT;5036;21;;;;;5041;8;5043;21;;;5038.5;-856.234375
0;73100;STARFRUIT;5037;28;;;;;5042;3;5043;1;5044;27;5039.5;-851.1171875
0;73100;AMETHYSTS;9996;1;9995;27;;;10002;7;10004;1;10005;27;9999.0;1118.0
0;73200;AMETHYSTS;9996;1;9995;23;;;10002;7;10004;1;10005;23;9999.0;1118.0
0;73200;STARFRUIT;5037;24;;;;;5044;24;;;;;5040.5;-844.4765625
0;73300;AMETHYSTS;9996;2;9995;23;;;10004;2;10005;23;;;10000.0;1118.0
0;73300;STARFRUIT;5037;25;;;;;5044;25;;;;;5040.5;-838.65625
0;73400;AMETHYSTS;9995;30;;;;;10002;6;10005;30;;;9998.5;1118.0
0;73400;STARFRUIT;5038;30;;;;;5045;30;;;;;5041.5;-875.453125
0;73500;STARFRUIT;5038;25;;;;;5044;1;5045;24;;;5041.0;-877.828125
0;73500;AMETHYSTS;9998;6;9996;1;9995;24;10004;1;10005;24;;;10001.0;1118.0
0;73600;AMETHYSTS;9995;30;;;;;9998;1;10005;30;;;9996.5;1118.0
0;73600;STARFRUIT;5038;30;;;;;5045;30;;;;;5041.5;-879.7421875
0;73700;AMETHYSTS;10002;4;9995;25;;;10005;25;;;;;10003.5;1128.0
0;73700;STARFRUIT;5038;25;;;;;5045;25;;;;;5041.5;-881.4921875
0;73800;AMETHYSTS;9998;1;9996;1;9995;21;10004;1;10005;21;;;10001.0;1136.0
0;73800;STARFRUIT;5038;22;;;;;5045;22;;;;;5041.5;-904.0390625
0;73900;STARFRUIT;5038;27;;;;;5046;27;;;;;5042.0;-893.9296875
0;73900;AMETHYSTS;9995;27;;;;;10005;27;;;;;10000.0;1136.0
0;74000;AMETHYSTS;10000;5;9996;2;9995;27;10004;2;10005;27;;;10002.0;1144.0
0;74000;STARFRUIT;5041;6;5039;7;5038;29;5045;29;;;;;5043.0;-900.140625
0;74100;AMETHYSTS;9998;5;9996;1;9995;23;10004;1;10005;23;;;10001.0;1144.0
0;74100;STARFRUIT;5042;3;5038;24;;;5045;24;;;;;5043.5;-921.640625
0;74200;STARFRUIT;5038;31;;;;;5043;7;5045;31;;;5040.5;-919.53125
0;74200;AMETHYSTS;9996;1;9995;30;;;10002;1;10004;1;10005;30;9999.0;1144.0
0;74300;STARFRUIT;5039;1;5038;26;;;5043;3;5045;27;;;5041.0;-934.1796875
0;74300;AMETHYSTS;9998;6;9996;1;9995;26;10004;1;10005;26;;;10001.0;1144.0
0;74400;STARFRUIT;5039;23;;;;;5046;23;;;;;5042.5;-922.796875
0;74400;AMETHYSTS;9996;2;9995;21;;;10004;2;10005;21;;;10000.0;1144.0
0;74500;AMETHYSTS;9996;2;9995;24;;;10004;2;10005;24;;;10000.0;1144.0
0;74500;STARFRUIT;5044;1;5043;3;5039;26;5046;26;;;;;5045.0;-925.7109375
0;74600;STARFRUIT;5040;1;5039;29;;;5046;29;;;;;5043.0;-923.4609375
0;74600;AMETHYSTS;9996;2;9995;27;;;9998;2;10004;2;10005;27;9997.0;1144.0
0;74700;STARFRUIT;5039;27;;;;;5046;27;;;;;5042.5;-922.25
0;74700;AMETHYSTS;9996;1;9995;26;;;10004;1;10005;26;;;10000.0;1148.0
0;74800;STARFRUIT;5039;3;5038;24;;;5045;26;;;;;5042.0;-927.46875
0;74800;AMETHYSTS;9996;2;9995;24;;;10004;2;10005;24;;;10000.0;1148.0
0;74900;AMETHYSTS;9996;1;9995;27;;;10004;1;10005;27;;;10000.0;1148.0
0;74900;STARFRUIT;5039;1;5038;27;;;5045;1;5046;27;;;5042.0;-961.5390625
0;75000;STARFRUIT;5039;1;5038;21;;;5045;22;;;;;5042.0;-960.1171875
0;75000;AMETHYSTS;9996;1;9995;21;;;9998;4;10004;1;10005;21;9997.0;1148.0
0;75100;STARFRUIT;5039;2;5038;26;;;5045;2;5046;26;;;5042.0;-961.8046875
0;75100;AMETHYSTS;9996;2;9995;26;;;10002;8;10004;2;10005;26;9999.0;1156.0
0;75200;STARFRUIT;5040;7;5039;31;;;5046;31;;;;;5043.0;-967.875
0;75200;AMETHYSTS;9996;1;9995;30;;;10004;1;10005;30;;;10000.0;1156.0
0;75300;AMETHYSTS;9998;7;9996;1;9995;26;10004;1;10005;26;;;10001.0;1156.0
0;75300;STARFRUIT;5040;27;;;;;5046;1;5047;26;;;5043.0;-982.3359375
0;75400;STARFRUIT;5039;25;;;;;5046;25;;;;;5042.5;-968.640625
0;75400;AMETHYSTS;9995;25;;;;;10005;25;;;;;10000.0;1156.0
0;75500;STARFRUIT;5039;23;;;;;5046;23;;;;;5042.5;-971.3984375
0;75500;AMETHYSTS;9996;1;9995;22;;;10004;1;10005;22;;;10000.0;1156.0
0;75600;STARFRUIT;5039;2;5038;23;;;5045;2;5046;23;;;5042.0;-962.203125
0;75600;AMETHYSTS;9996;2;9995;23;;;9998;9;10004;2;10005;23;9997.0;1160.0
0;75700;AMETHYSTS;9996;2;9995;25;;;10004;2;10005;25;;;10000.0;1170.0
0;75700;STARFRUIT;5044;1;5039;27;;;5046;27;;;;;5045.0;-967.109375
