day;timestamp;product;bid_price_1;bid_volume_1;bid_price_2;bid_volume_2;bid_price_3;bid_volume_3;ask_price_1;ask_volume_1;ask_price_2;ask_volume_2;ask_price_3;ask_volume_3;mid_price;profit_and_loss
0;0;AMETHYSTS;9998;9;9995;23;;;10005;23;;;;;10001.5;0.0
0;0;STARFRUIT;5036;23;;;;;5043;23;;;;;5039.5;0.0
0;100;AMETHYSTS;10002;1;10000;2;9998;4;10004;1;10005;21;;;10003.0;0.0
0;100;STARFRUIT;5042;1;5039;2;5037;1;5043;22;;;;;5042.5;0.0
0;200;AMETHYSTS;9996;1;9995;21;;;10004;1;10005;21;;;10000.0;2.0
0;200;STARFRUIT;5037;1;5036;21;;;5043;1;5044;21;;;5040.0;2.01611328125
0;300;STARFRUIT;5042;1;5037;26;;;5044;26;;;;;5043.0;1.52978515625
0;300;AMETHYSTS;9995;26;;;;;10005;26;;;;;10000.0;2.0
0;400;AMETHYSTS;9998;8;9996;2;9995;26;10004;2;10005;26;;;10001.0;2.0
0;400;STARFRUIT;5037;28;;;;;5044;28;;;;;5040.5;3.1142578125
0;500;AMETHYSTS;9998;8;9996;1;9995;23;10004;1;10005;23;;;10001.0;2.0
0;500;STARFRUIT;5037;24;;;;;5042;3;5044;24;;;5039.5;2.63671875
0;600;AMETHYSTS;9996;2;9995;28;;;10004;2;10005;28;;;10000.0;2.0
0;600;STARFRUIT;5041;5;5037;30;;;5044;30;;;;;5042.5;3.0361328125
0;700;STARFRUIT;5036;22;;;;;5043;23;;;;;5039.5;4.2578125
0;700;AMETHYSTS;9996;1;9995;22;;;10004;1;10005;22;;;10000.0;2.0
0;800;AMETHYSTS;9996;1;9995;24;;;10000;3;10004;1;10005;24;9998.0;2.0
0;800;STARFRUIT;5036;25;;;;;5039;3;5043;25;;;5037.5;5.0771484375
0;900;AMETHYSTS;9996;1;9995;20;;;9998;11;10004;1;10005;20;9997.0;2.0
0;900;STARFRUIT;5036;21;;;;;5043;21;;;;;5039.5;4.9580078125
0;1000;AMETHYSTS;9996;1;9995;30;;;10004;1;10005;30;;;10000.0;24.0
0;1000;STARFRUIT;5037;1;5036;30;;;5043;31;;;;;5040.0;4.443359375
0;1100;STARFRUIT;5037;22;;;;;5043;1;5044;21;;;5040.0;3.7568359375
0;1100;AMETHYSTS;9996;1;9995;21;;;10002;6;10004;1;10005;21;9999.0;24.0
0;1200;AMETHYSTS;9996;1;9995;22;;;10004;1;10005;22;;;10000.0;24.0
0;1200;STARFRUIT;5036;23;;;;;5037;1;5043;23;;;5036.5;4.703125
0;1300;AMETHYSTS;10002;1;9995;25;;;10005;25;;;;;10003.5;24.0
0;1300;STARFRUIT;5036;25;;;;;5043;25;;;;;5039.5;7.80859375
0;1400;AMETHYSTS;9995;23;;;;;10000;6;10005;23;;;9997.5;26.0
0;1400;STARFRUIT;5036;23;;;;;5039;6;5043;23;;;5037.5;7.75
0;1500;STARFRUIT;5041;1;5036;21;;;5043;21;;;;;5042.0;7.611328125
0;1500;AMETHYSTS;9996;1;9995;20;;;9998;4;10004;1;10005;20;9997.0;26.0
0;1600;AMETHYSTS;9996;2;9995;28;;;10004;2;10005;28;;;10000.0;34.0
0;1600;STARFRUIT;5037;30;;;;;5043;2;5044;28;;;5040.0;7.6875
0;1700;AMETHYSTS;9995;28;;;;;10005;28;;;;;10000.0;34.0
0;1700;STARFRUIT;5036;28;;;;;5041;8;5043;28;;;5038.5;8.341796875
0;1800;AMETHYSTS;10000;4;9995;23;;;10002;10;10005;23;;;10001.0;34.0
0;1800;STARFRUIT;5040;4;5036;23;;;5044;23;;;;;5042.0;7.994140625
0;1900;STARFRUIT;5036;31;;;;;5043;32;;;;;5039.5;9.4111328125
0;1900;AMETHYSTS;9996;2;9995;30;;;10004;2;10005;30;;;10000.0;34.0
0;2000;AMETHYSTS;9996;2;9995;21;;;10004;2;10005;21;;;10000.0;34.0
0;2000;STARFRUIT;5036;23;;;;;5043;23;;;;;5039.5;9.2861328125
0;2100;AMETHYSTS;9996;2;9995;26;;;10004;2;10005;26;;;10000.0;34.0
0;2100;STARFRUIT;5036;28;;;;;5041;5;5043;28;;;5038.5;9.189453125
0;2200;AMETHYSTS;9996;1;9995;20;;;9998;4;10004;1;10005;20;9997.0;34.0
0;2200;STARFRUIT;5037;4;5036;21;;;5043;21;;;;;5040.0;9.357421875
0;2300;STARFRUIT;5038;5;5037;24;;;5043;2;5044;22;;;5040.5;7.7421875
0;2300;AMETHYSTS;9996;2;9995;22;;;10004;2;10005;22;;;10000.0;42.0
0;2400;AMETHYSTS;9996;2;9995;20;;;10004;2;10005;20;;;10000.0;42.0
0;2400;STARFRUIT;5037;22;;;;;5043;2;5044;20;;;5040.0;7.75390625
0;2500;AMETHYSTS;9998;3;9996;2;9995;21;10004;2;10005;21;;;10001.0;42.0
0;2500;STARFRUIT;5036;23;;;;;5043;23;;;;;5039.5;9.08203125
0;2600;AMETHYSTS;10002;1;9996;1;9995;29;10004;1;10005;29;;;10003.0;42.0
0;2600;STARFRUIT;5035;30;;;;;5042;30;;;;;5038.5;11.4013671875
0;2700;STARFRUIT;5036;7;5035;23;;;5041;2;5042;21;;;5038.5;11.7470703125
0;2700;AMETHYSTS;9998;7;9996;2;9995;21;10004;2;10005;21;;;10001.0;44.0
0;2800;AMETHYSTS;9995;27;;;;;10005;27;;;;;10000.0;44.0
0;2800;STARFRUIT;5035;27;;;;;5042;27;;;;;5038.5;10.8359375
0;2900;AMETHYSTS;9996;2;9995;20;;;10004;2;10005;20;;;10000.0;44.0
0;2900;STARFRUIT;5035;22;;;;;5042;22;;;;;5038.5;11.083984375
0;3000;AMETHYSTS;9996;1;9995;29;;;10004;1;10005;29;;;10000.0;44.0
0;3000;STARFRUIT;5040;1;5035;6;5034;29;5041;30;;;;;5040.5;12.4287109375
0;3100;STARFRUIT;5035;1;5034;27;;;5041;28;;;;;5038.0;14.400390625
0;3100;AMETHYSTS;9998;5;9996;1;9995;27;10004;1;10005;27;;;10001.0;44.0
0;3200;STARFRUIT;5035;24;;;;;5038;5;5042;24;;;5036.5;13.4111328125
0;3200;AMETHYSTS;10002;2;9995;24;;;10005;24;;;;;10003.5;44.0
0;3300;AMETHYSTS;10002;1;9996;1;9995;24;10004;1;10005;24;;;10003.0;48.0
0;3300;STARFRUIT;5034;25;;;;;5041;25;;;;;5037.5;15.1103515625
0;3400;STARFRUIT;5034;29;;;;;5041;29;;;;;5037.5;15.203125
0;3400;AMETHYSTS;9998;10;9996;2;9995;27;10004;2;10005;27;;;10001.0;50.0
0;3500;STARFRUIT;5034;26;;;;;5041;26;;;;;5037.5;15.0546875
0;3500;AMETHYSTS;9995;26;;;;;10002;10;10005;26;;;9998.5;50.0
0;3600;STARFRUIT;5034;27;;;;;5041;27;;;;;5037.5;15.55859375
0;3600;AMETHYSTS;9995;27;;;;;10002;8;10005;27;;;9998.5;50.0
0;3700;AMETHYSTS;9998;3;9995;25;;;10005;25;;;;;10001.5;50.0
0;3700;STARFRUIT;5034;25;;;;;5041;25;;;;;5037.5;14.48046875
0;3800;STARFRUIT;5034;24;;;;;5039;7;5041;24;;;5036.5;14.861328125
0;3800;AMETHYSTS;9995;24;;;;;10005;24;;;;;10000.0;50.0
0;3900;STARFRUIT;5035;1;5034;26;;;5040;2;5041;24;;;5037.5;16.53515625
0;3900;AMETHYSTS;9996;2;9995;24;;;10004;2;10005;24;;;10000.0;50.0
0;4000;STARFRUIT;5034;30;;;;;5041;31;;;;;5037.5;15.796875
0;4000;AMETHYSTS;10002;1;9996;1;9995;30;10004;1;10005;30;;;10003.0;50.0
0;4100;AMETHYSTS;10000;5;9996;2;9995;22;10002;4;10004;2;10005;22;10001.0;52.0
0;4100;STARFRUIT;5037;5;5035;2;5034;22;5041;24;;;;;5039.0;14.0849609375
0;4200;STARFRUIT;5034;29;;;;;5039;7;5041;29;;;5036.5;15.880859375
0;4200;AMETHYSTS;10002;5;9996;1;9995;28;10004;1;10005;28;;;10003.0;52.0
0;4300;STARFRUIT;5034;26;;;;;5036;2;5041;26;;;5035.0;14.09765625
0;4300;AMETHYSTS;9995;26;;;;;10002;8;10005;26;;;9998.5;62.0
0;4400;STARFRUIT;5035;28;;;;;5042;28;;;;;5038.5;17.72509765625
0;4400;AMETHYSTS;9995;28;;;;;10005;28;;;;;10000.0;62.0
0;4500;AMETHYSTS;9995;26;;;;;10005;26;;;;;10000.0;62.0
0;4500;STARFRUIT;5035;26;;;;;5040;8;5042;26;;;5037.5;17.712890625
0;4600;STARFRUIT;5035;21;;;;;5040;3;5042;21;;;5037.5;17.8232421875
0;4600;AMETHYSTS;9995;21;;;;;10005;21;;;;;10000.0;62.0
0;4700;STARFRUIT;5034;26;;;;;5041;26;;;;;5037.5;18.609375
0;4700;AMETHYSTS;9998;5;9995;26;;;10005;26;;;;;10001.5;62.0
0;4800;STARFRUIT;5039;1;5035;7;5034;23;5041;23;;;;;5040.0;18.5654296875
0;4800;AMETHYSTS;9996;1;9995;22;;;10004;1;10005;22;;;10000.0;62.0
0;4900;AMETHYSTS;9996;2;9995;22;;;10004;2;10005;22;;;10000.0;62.0
0;4900;STARFRUIT;5033;24;;;;;5038;6;5040;24;;;5035.5;21.708984375
0;5000;STARFRUIT;5033;6;5032;30;;;5039;31;;;;;5036.0;23.21484375
0;5000;AMETHYSTS;9998;9;9996;1;9995;30;10004;1;10005;30;;;10001.0;62.0
0;5100;STARFRUIT;5032;26;;;;;5039;26;;;;;5035.5;23.306640625
0;5100;AMETHYSTS;9995;26;;;;;10005;26;;;;;10000.0;62.0
0;5200;STARFRUIT;5035;5;5033;8;5032;23;5039;25;;;;;5037.0;23.3544921875
0;5200;AMETHYSTS;10000;5;9998;7;9996;2;10004;2;10005;23;;;10002.0;62.0
0;5300;AMETHYSTS;9995;22;;;;;9998;12;10005;22;;;9996.5;62.0
0;5300;STARFRUIT;5032;22;;;;;5039;22;;;;;5035.5;23.958984375
0;5400;STARFRUIT;5032;30;;;;;5039;30;;;;;5035.5;23.5029296875
0;5400;AMETHYSTS;9995;30;;;;;10005;30;;;;;10000.0;86.0
0;5500;AMETHYSTS;9996;1;9995;28;;;10004;1;10005;28;;;10000.0;88.0
0;5500;STARFRUIT;5032;29;;;;;5033;8;5039;29;;;5032.5;23.5732421875
0;5600;AMETHYSTS;9998;2;9996;2;9995;23;10004;2;10005;23;;;10001.0;92.0
0;5600;STARFRUIT;5032;25;;;;;5038;2;5039;23;;;5035.0;41.3828125
0;5700;AMETHYSTS;9996;1;9995;30;;;10004;1;10005;30;;;10000.0;92.0
0;5700;STARFRUIT;5032;3;5031;31;;;5038;31;;;;;5035.0;37.9375
0;5800;STARFRUIT;5031;30;;;;;5038;30;;;;;5034.5;38.884765625
0;5800;AMETHYSTS;9996;2;9995;28;;;10004;2;10005;28;;;10000.0;92.0
0;5900;AMETHYSTS;9996;2;9995;21;;;10004;2;10005;21;;;10000.0;92.0
0;5900;STARFRUIT;5031;23;;;;;5038;23;;;;;5034.5;39.5859375
0;6000;AMETHYSTS;9995;30;;;;;10002;10;10005;30;;;9998.5;92.0
0;6000;STARFRUIT;5031;30;;;;;5038;30;;;;;5034.5;38.96484375
0;6100;AMETHYSTS;9996;1;9995;24;;;10004;1;10005;24;;;10000.0;92.0
0;6100;STARFRUIT;5031;25;;;;;5037;1;5038;24;;;5034.0;35.4921875
0;6200;STARFRUIT;5036;1;5031;30;;;5038;30;;;;;5037.0;36.482421875
0;6200;AMETHYSTS;9998;3;9996;1;9995;29;10004;1;10005;29;;;10001.0;92.0
0;6300;AMETHYSTS;9995;22;;;;;10005;22;;;;;10000.0;92.0
0;6300;STARFRUIT;5030;22;;;;;5037;22;;;;;5033.5;35.140625
0;6400;AMETHYSTS;9996;1;9995;23;;;10002;6;10004;1;10005;23;9999.0;92.0
0;6400;STARFRUIT;5030;24;;;;;5036;1;5037;23;;;5033.0;32.734375
0;6500;AMETHYSTS;9995;22;;;;;10005;22;;;;;10000.0;92.0
0;6500;STARFRUIT;5029;22;;;;;5036;22;;;;;5032.5;31.86328125
0;6600;STARFRUIT;5030;29;;;;;5031;7;5036;2;5037;27;5030.5;32.84375
0;6600;AMETHYSTS;9996;2;9995;27;;;10004;2;10005;27;;;10000.0;92.0
0;6700;AMETHYSTS;9996;1;9995;30;;;10004;1;10005;30;;;10000.0;92.0
0;6700;STARFRUIT;5030;1;5029;30;;;5034;7;5036;31;;;5032.0;44.7734375
0;6800;AMETHYSTS;10000;5;9996;2;9995;29;10004;2;10005;29;;;10002.0;94.0
0;6800;STARFRUIT;5033;4;5030;31;;;5037;31;;;;;5035.0;49.78125
0;6900;AMETHYSTS;9996;2;9995;27;;;10004;2;10005;27;;;10000.0;94.0
0;6900;STARFRUIT;5030;29;;;;;5035;3;5037;29;;;5032.5;50.296875
0;7000;STARFRUIT;5030;8;5029;30;;;5036;31;;;;;5033.0;43.5
0;7000;AMETHYSTS;9996;1;9995;30;;;10004;1;10005;30;;;10000.0;94.0
0;7100;AMETHYSTS;9996;1;9995;30;;;9998;5;10002;7;10004;1;9997.0;94.0
0;7100;STARFRUIT;5030;1;5029;30;;;5036;31;;;;;5033.0;43.65625
0;7200;AMETHYSTS;9996;1;9995;22;;;10002;1;10004;1;10005;22;9999.0;104.0
0;7200;STARFRUIT;5031;6;5030;23;;;5036;1;5037;22;;;5033.5;48.1796875
0;7300;AMETHYSTS;9996;1;9995;25;;;10004;1;10005;25;;;10000.0;104.0
0;7300;STARFRUIT;5030;26;;;;;5036;1;5037;25;;;5033.0;46.515625
0;7400;STARFRUIT;5030;22;;;;;5037;22;;;;;5033.5;48.2890625
0;7400;AMETHYSTS;10002;1;9995;22;;;10005;22;;;;;10003.5;104.0
0;7500;AMETHYSTS;9995;29;;;;;10005;29;;;;;10000.0;106.0
0;7500;STARFRUIT;5030;29;;;;;5035;3;5037;29;;;5032.5;71.16796875
0;7600;AMETHYSTS;10002;1;9995;27;;;10005;27;;;;;10003.5;106.0
0;7600;STARFRUIT;5031;27;;;;;5038;27;;;;;5034.5;70.7197265625
0;7700;STARFRUIT;5030;26;;;;;5037;26;;;;;5033.5;71.2802734375
0;7700;AMETHYSTS;9996;1;9995;25;;;10002;5;10004;1;10005;25;9999.0;108.0
0;7800;AMETHYSTS;9995;23;;;;;10005;23;;;;;10000.0;108.0
0;7800;STARFRUIT;5031;1;5030;23;;;5037;23;;;;;5034.0;71.2548828125
0;7900;AMETHYSTS;9996;2;9995;22;;;10002;7;10004;2;10005;22;9999.0;108.0
0;7900;STARFRUIT;5030;24;;;;;5037;24;;;;;5033.5;71.55322265625
0;8000;AMETHYSTS;10000;3;9996;2;9995;28;10004;2;10005;28;;;10002.0;108.0
0;8000;STARFRUIT;5036;1;5033;3;5031;2;5037;30;;;;;5036.5;71.08447265625
0;8100;STARFRUIT;5030;25;;;;;5037;25;;;;;5033.5;73.15234375
0;8100;AMETHYSTS;9995;25;;;;;10005;25;;;;;10000.0;108.0
0;8200;AMETHYSTS;9996;2;9995;25;;;10004;2;10005;25;;;10000.0;108.0
0;8200;STARFRUIT;5030;27;;;;;5037;27;;;;;5033.5;73.537109375
0;8300;AMETHYSTS;9998;9;9995;28;;;10005;28;;;;;10001.5;108.0
0;8300;STARFRUIT;5030;28;;;;;5037;28;;;;;5033.5;76.13134765625
0;8400;AMETHYSTS;9998;5;9995;29;;;10005;29;;;;;10001.5;108.0
0;8400;STARFRUIT;5031;29;;;;;5038;29;;;;;5034.5;75.79443359375
0;8500;STARFRUIT;5032;8;5031;27;;;5037;2;5038;25;;;5034.5;75.88720703125
0;8500;AMETHYSTS;9996;2;9995;25;;;10004;2;10005;25;;;10000.0;108.0
0;8600;AMETHYSTS;9996;2;9995;27;;;10004;2;10005;27;;;10000.0;108.0
0;8600;STARFRUIT;5031;29;;;;;5037;2;5038;27;;;5034.0;75.97119140625
0;8700;AMETHYSTS;9996;2;9995;22;;;10004;2;10005;22;;;10000.0;108.0
0;8700;STARFRUIT;5035;1;5031;8;5030;24;5037;24;;;;;5036.0;76.6435546875
0;8800;AMETHYSTS;9996;1;9995;30;;;10004;1;10005;30;;;10000.0;108.0
0;8800;STARFRUIT;5030;31;;;;;5037;31;;;;;5033.5;78.015625
0;8900;STARFRUIT;5031;2;5030;26;;;5037;26;;;;;5034.0;78.4482421875
0;8900;AMETHYSTS;9995;26;;;;;10005;26;;;;;10000.0;108.0
0;9000;AMETHYSTS;9995;23;;;;;10005;23;;;;;10000.0;108.0
0;9000;STARFRUIT;5030;23;;;;;5037;23;;;;;5033.5;78.654296875
0;9100;AMETHYSTS;9995;22;;;;;9998;1;10005;22;;;9996.5;108.0
0;9100;STARFRUIT;5030;5;5029;22;;;5036;22;;;;;5033.0;79.259765625
0;9200;AMETHYSTS;9996;2;9995;25;;;10004;2;10005;25;;;10000.0;132.0
0;9200;STARFRUIT;5030;5;5029;25;;;5036;27;;;;;5033.0;79.072265625
0;9300;STARFRUIT;5030;1;5029;29;;;5036;30;;;;;5033.0;79.158203125
0;9300;AMETHYSTS;10002;11;9998;1;9996;1;10004;1;10005;29;;;10003.0;132.0
0;9400;AMETHYSTS;10002;1;9996;2;9995;28;10004;2;10005;28;;;10003.0;154.0
0;9400;STARFRUIT;5031;3;5030;30;;;5036;2;5037;28;;;5033.5;78.546875
0;9500;AMETHYSTS;10002;1;9996;2;9995;24;10004;2;10005;24;;;10003.0;156.0
0;9500;STARFRUIT;5030;2;5029;24;;;5036;26;;;;;5033.0;79.2353515625
0;9600;AMETHYSTS;9996;1;9995;20;;;10002;6;10004;1;10005;20;9999.0;158.0
0;9600;STARFRUIT;5029;21;;;;;5036;21;;;;;5032.5;79.6611328125
0;9700;STARFRUIT;5029;31;;;;;5032;5;5034;5;5036;31;5030.5;79.86328125
0;9700;AMETHYSTS;9996;1;9995;30;;;10000;4;10004;1;10005;30;9998.0;158.0
0;9800;AMETHYSTS;9998;1;9996;2;9995;24;10004;2;10005;24;;;10001.0;158.0
0;9800;STARFRUIT;5029;26;;;;;5036;26;;;;;5032.5;82.642578125
0;9900;AMETHYSTS;9995;24;;;;;10005;24;;;;;10000.0;158.0
0;9900;STARFRUIT;5029;24;;;;;5036;24;;;;;5032.5;82.06640625
0;10000;AMETHYSTS;9995;27;;;;;10005;27;;;;;10000.0;158.0
0;10000;STARFRUIT;5029;27;;;;;5036;27;;;;;5032.5;82.08203125
0;10100;STARFRUIT;5028;21;;;;;5033;5;5035;21;;;5030.5;80.19921875
0;10100;AMETHYSTS;10002;4;9996;1;9995;20;10004;1;10005;20;;;10003.0;158.0
0;10200;AMETHYSTS;9995;20;;;;;10005;20;;;;;10000.0;166.0
0;10200;STARFRUIT;5028;20;;;;;5035;20;;;;;5031.5;80.271484375
0;10300;AMETHYSTS;9996;1;9995;24;;;10004;1;10005;24;;;10000.0;166.0
0;10300;STARFRUIT;5030;5;5029;25;;;5035;1;5036;24;;;5032.5;81.197265625
0;10400;AMETHYSTS;9995;25;;;;;10005;25;;;;;10000.0;166.0
0;10400;STARFRUIT;5029;25;;;;;5036;25;;;;;5032.5;81.373046875
0;10500;STARFRUIT;5030;8;5029;26;;;5037;26;;;;;5033.5;83.982421875
0;10500;AMETHYSTS;9995;26;;;;;10005;26;;;;;10000.0;166.0
0;10600;AMETHYSTS;9995;20;;;;;10005;20;;;;;10000.0;166.0
0;10600;STARFRUIT;5034;3;5029;20;;;5036;20;;;;;5035.0;82.43359375
0;10700;AMETHYSTS;9995;24;;;;;9998;3;10005;24;;;9996.5;166.0
0;10700;STARFRUIT;5030;7;5029;24;;;5036;24;;;;;5033.0;87.0
0;10800;AMETHYSTS;9995;23;;;;;10002;1;10005;23;;;9998.5;172.0
0;10800;STARFRUIT;5030;6;5029;23;;;5036;23;;;;;5033.0;87.0
0;10900;STARFRUIT;5029;1;5028;22;;;5031;6;5035;23;;;5030.0;87.0
0;10900;AMETHYSTS;9996;1;9995;22;;;10000;6;10004;1;10005;22;9998.0;172.0
0;11000;AMETHYSTS;9996;1;9995;26;;;10004;1;10005;26;;;10000.0;172.0
0;11000;STARFRUIT;5028;27;;;;;5033;2;5035;27;;;5030.5;87.0
0;11100;AMETHYSTS;9996;1;9995;30;;;10002;1;10004;1;10005;30;9999.0;172.0
0;11100;STARFRUIT;5029;1;5028;31;;;5034;1;5035;30;;;5031.5;87.0
0;11200;AMETHYSTS;9996;2;9995;28;;;10004;2;10005;28;;;10000.0;172.0
0;11200;STARFRUIT;5028;2;5027;28;;;5032;5;5034;30;;;5030.0;87.0
0;11300;STARFRUIT;5027;27;;;;;5034;27;;;;;5030.5;87.0
0;11300;AMETHYSTS;9996;2;9995;25;;;10002;2;10004;2;10005;25;9999.0;172.0
0;11400;AMETHYSTS;9995;30;;;;;10005;30;;;;;10000.0;172.0
0;11400;STARFRUIT;5027;30;;;;;5034;30;;;;;5030.5;87.0
0;11500;AMETHYSTS;9996;1;9995;28;;;10004;1;10005;28;;;10000.0;172.0
0;11500;STARFRUIT;5027;29;;;;;5032;5;5034;29;;;5029.5;87.0
0;11600;AMETHYSTS;9996;2;9995;22;;;10004;2;10005;22;;;10000.0;172.0
0;11600;STARFRUIT;5027;24;;;;;5032;7;5034;24;;;5029.5;87.0
0;11700;STARFRUIT;5029;4;5027;2;5026;20;5033;22;;;;;5031.0;87.0
0;11700;AMETHYSTS;10000;4;9996;2;9995;20;10004;2;10005;20;;;10002.0;172.0
0;11800;AMETHYSTS;9998;10;9996;1;9995;21;10004;1;10005;21;;;10001.0;172.0
0;11800;STARFRUIT;5026;22;;;;;5033;22;;;;;5029.5;87.0
0;11900;AMETHYSTS;10002;1;10000;4;9998;1;10004;1;10005;22;;;10003.0;172.0
0;11900;STARFRUIT;5028;4;5026;1;5025;22;5032;23;;;;;5030.0;87.0
0;12000;STARFRUIT;5025;28;;;;;5032;28;;;;;5028.5;87.0
0;12000;AMETHYSTS;9996;1;9995;27;;;10004;1;10005;27;;;10000.0;174.0
0;12100;STARFRUIT;5026;2;5025;23;;;5032;25;;;;;5029.0;87.0
0;12100;AMETHYSTS;9996;2;9995;23;;;9998;8;10004;2;10005;23;9997.0;174.0
0;12200;STARFRUIT;5025;25;;;;;5032;25;;;;;5028.5;87.0
0;12200;AMETHYSTS;9996;2;9995;23;;;10004;2;10005;23;;;10000.0;190.0
0;12300;AMETHYSTS;9996;1;9995;24;;;10002;3;10004;1;10005;24;9999.0;190.0
0;12300;STARFRUIT;5026;5;5025;24;;;5032;25;;;;;5029.0;87.0
0;12400;STARFRUIT;5026;29;;;;;5033;29;;;;;5029.5;87.0
0;12400;AMETHYSTS;10002;1;9998;5;9995;29;10005;29;;;;;10003.5;190.0
0;12500;STARFRUIT;5029;3;5026;23;;;5033;23;;;;;5031.0;87.0
0;12500;AMETHYSTS;10000;3;9996;1;9995;22;10004;1;10005;22;;;10002.0;192.0
0;12600;STARFRUIT;5029;4;5026;26;;;5033;26;;;;;5031.0;87.0
0;12600;AMETHYSTS;10000;4;9995;26;;;10005;26;;;;;10002.5;192.0
0;12700;AMETHYSTS;10002;1;9996;1;9995;27;10004;1;10005;27;;;10003.0;192.0
0;12700;STARFRUIT;5027;28;;;;;5034;28;;;;;5030.5;87.0
0;12800;STARFRUIT;5030;4;5027;30;;;5034;30;;;;;5032.0;87.0
0;12800;AMETHYSTS;10000;4;9996;2;9995;28;10002;9;10004;2;10005;28;10001.0;194.0
0;12900;STARFRUIT;5027;23;;;;;5032;2;5034;23;;;5029.5;87.0
0;12900;AMETHYSTS;9996;2;9995;21;;;10002;4;10004;2;10005;21;9999.0;194.0
0;13000;STARFRUIT;5027;32;;;;;5034;32;;;;;5030.5;87.0
0;13000;AMETHYSTS;9996;2;9995;30;;;10002;2;10004;2;10005;30;9999.0;194.0
0;13100;AMETHYSTS;9995;21;;;;;10000;2;10005;21;;;9997.5;194.0
0;13100;STARFRUIT;5028;21;;;;;5031;2;5035;21;;;5029.5;87.0
0;13200;STARFRUIT;5033;1;5029;7;5028;31;5035;31;;;;;5034.0;87.0
0;13200;AMETHYSTS;9998;9;9996;2;9995;29;10004;2;10005;29;;;10001.0;194.0
0;13300;STARFRUIT;5028;23;;;;;5035;23;;;;;5031.5;88.47900390625
0;13300;AMETHYSTS;10002;2;9996;1;9995;22;10004;1;10005;22;;;10003.0;194.0
0;13400;STARFRUIT;5028;26;;;;;5035;26;;;;;5031.5;88.4765625
0;13400;AMETHYSTS;9995;26;;;;;10005;26;;;;;10000.0;198.0
0;13500;AMETHYSTS;9996;1;9995;24;;;10004;1;10005;24;;;10000.0;198.0
0;13500;STARFRUIT;5028;25;;;;;5035;25;;;;;5031.5;88.681640625
0;13600;STARFRUIT;5028;26;;;;;5033;3;5035;26;;;5030.5;88.42236328125
0;13600;AMETHYSTS;9996;2;9995;24;;;10002;6;10004;2;10005;24;9999.0;198.0
0;13700;STARFRUIT;5028;28;;;;;5035;28;;;;;5031.5;88.1875
0;13700;AMETHYSTS;10002;1;9995;28;;;10005;28;;;;;10003.5;198.0
0;13800;STARFRUIT;5028;23;;;;;5035;23;;;;;5031.5;88.06396484375
0;13800;AMETHYSTS;9998;1;9995;23;;;10005;23;;;;;10001.5;200.0
0;13900;AMETHYSTS;9996;1;9995;20;;;10004;1;10005;20;;;10000.0;200.0
0;13900;STARFRUIT;5029;21;;;;;5031;3;5036;21;;;5030.0;87.4267578125
0;14000;STARFRUIT;5030;3;5029;28;;;5036;29;;;;;5033.0;92.7275390625
0;14000;AMETHYSTS;10002;6;9998;1;9996;1;10004;1;10005;28;;;10003.0;200.0
0;14100;STARFRUIT;5029;22;;;;;5036;22;;;;;5032.5;92.4111328125
0;14100;AMETHYSTS;9996;2;9995;20;;;10002;4;10004;2;10005;20;9999.0;212.0
0;14200;STARFRUIT;5029;21;;;;;5036;21;;;;;5032.5;92.021484375
0;14200;AMETHYSTS;9995;21;;;;;10005;21;;;;;10000.0;212.0
0;14300;AMETHYSTS;9996;1;9995;21;;;10004;1;10005;21;;;10000.0;212.0
0;14300;STARFRUIT;5029;1;5028;21;;;5035;22;;;;;5032.0;90.85546875
0;14400;STARFRUIT;5029;22;;;;;5036;23;;;;;5032.5;91.857421875
0;14400;AMETHYSTS;10002;4;9996;2;9995;21;10004;2;10005;21;;;10003.0;212.0
0;14500;AMETHYSTS;9996;1;9995;28;;;10002;10;10004;1;10005;28;9999.0;220.0
0;14500;STARFRUIT;5029;29;;;;;5034;6;5036;29;;;5031.5;96.6640625
0;14600;AMETHYSTS;9996;1;9995;27;;;10004;1;10005;27;;;10000.0;220.0
0;14600;STARFRUIT;5029;1;5028;27;;;5030;3;5035;1;5036;27;5029.5;94.939453125
0;14700;AMETHYSTS;9996;1;9995;23;;;10004;1;10005;23;;;10000.0;220.0
0;14700;STARFRUIT;5029;24;;;;;5034;2;5035;1;5036;23;5031.5;101.375
0;14800;STARFRUIT;5029;1;5028;30;;;5033;3;5035;31;;;5031.0;99.89453125
0;14800;AMETHYSTS;9996;1;9995;30;;;9998;1;10004;1;10005;30;9997.0;220.0
0;14900;AMETHYSTS;9996;1;9995;25;;;10002;1;10004;1;10005;25;9999.0;222.0
0;14900;STARFRUIT;5032;4;5028;26;;;5035;26;;;;;5033.5;96.1171875
0;15000;AMETHYSTS;9996;2;9995;25;;;10004;2;10005;25;;;10000.0;222.0
0;15000;STARFRUIT;5029;6;5028;25;;;5035;27;;;;;5032.0;100.796875
0;15100;AMETHYSTS;9996;1;9995;20;;;9998;1;10004;1;10005;20;9997.0;222.0
0;15100;STARFRUIT;5028;21;;;;;5035;21;;;;;5031.5;96.859375
0;15200;STARFRUIT;5031;4;5029;4;5028;23;5035;23;;;;;5033.0;98.390625
0;15200;AMETHYSTS;10000;4;9996;2;9995;21;10002;4;10004;2;10005;21;10001.0;224.0
0;15300;AMETHYSTS;9996;2;9995;22;;;10002;7;10004;2;10005;22;9999.0;224.0
0;15300;STARFRUIT;5028;2;5027;22;;;5033;6;5034;2;5035;22;5030.5;94.015625
0;15400;AMETHYSTS;9995;30;;;;;10005;30;;;;;10000.0;224.0
0;15400;STARFRUIT;5027;30;;;;;5034;30;;;;;5030.5;92.49609375
0;15500;AMETHYSTS;9995;25;;;;;9998;11;10005;25;;;9996.5;224.0
0;15500;STARFRUIT;5028;25;;;;;5035;25;;;;;5031.5;94.20703125
0;15600;STARFRUIT;5028;23;;;;;5034;1;5035;22;;;5031.0;94.375
0;15600;AMETHYSTS;9996;1;9995;22;;;10004;1;10005;22;;;10000.0;246.0
0;15700;AMETHYSTS;9996;2;9995;28;;;10004;2;10005;28;;;10000.0;246.0
0;15700;STARFRUIT;5028;30;;;;;5033;1;5034;2;5035;28;5030.5;94.62890625
0;15800;AMETHYSTS;9998;6;9996;2;9995;26;10004;2;10005;26;;;10001.0;246.0
0;15800;STARFRUIT;5029;4;5028;28;;;5035;28;;;;;5032.0;99.0859375
0;15900;AMETHYSTS;9996;1;9995;20;;;10002;8;10004;1;10005;20;9999.0;246.0
0;15900;STARFRUIT;5029;1;5028;20;;;5030;3;5035;21;;;5029.5;104.35546875
0;16000;STARFRUIT;5029;22;;;;;5034;4;5036;22;;;5031.5;113.01171875
0;16000;AMETHYSTS;9996;2;9995;20;;;10004;2;10005;20;;;10000.0;246.0
0;16100;AMETHYSTS;9996;1;9995;26;;;10004;1;10005;26;;;10000.0;246.0
0;16100;STARFRUIT;5029;27;;;;;5031;2;5034;8;5036;27;5030.0;115.50390625
0;16200;AMETHYSTS;9995;27;;;;;10002;4;10005;27;;;9998.5;246.0
0;16200;STARFRUIT;5029;26;;;;;5036;27;;;;;5032.5;113.6328125
0;16300;AMETHYSTS;9996;1;9995;21;;;10004;1;10005;21;;;10000.0;246.0
0;16300;STARFRUIT;5029;22;;;;;5036;22;;;;;5032.5;115.6484375
0;16400;AMETHYSTS;9996;2;9995;25;;;10002;6;10004;2;10005;25;9999.0;250.0
0;16400;STARFRUIT;5028;27;;;;;5033;7;5035;27;;;5030.5;110.58203125
0;16500;AMETHYSTS;9995;22;;;;;10005;22;;;;;10000.0;250.0
0;16500;STARFRUIT;5028;22;;;;;5033;1;5035;22;;;5030.5;103.4296875
0;16600;AMETHYSTS;9995;26;;;;;10005;26;;;;;10000.0;250.0
0;16600;STARFRUIT;5029;7;5028;26;;;5035;26;;;;;5032.0;103.5703125
0;16700;STARFRUIT;5028;25;;;;;5035;25;;;;;5031.5;105.90625
0;16700;AMETHYSTS;10002;1;9998;2;9995;25;10005;25;;;;;10003.5;250.0
0;16800;AMETHYSTS;10000;2;9996;2;9995;25;10004;2;10005;25;;;10002.0;252.0
0;16800;STARFRUIT;5031;2;5028;27;;;5035;27;;;;;5033.0;106.83203125
0;16900;AMETHYSTS;9996;2;9995;22;;;10004;2;10005;22;;;10000.0;252.0
0;16900;STARFRUIT;5028;24;;;;;5035;24;;;;;5031.5;106.203125
0;17000;AMETHYSTS;9996;1;9995;25;;;10004;1;10005;25;;;10000.0;252.0
0;17000;STARFRUIT;5029;1;5028;26;;;5034;1;5035;25;;;5031.5;103.58984375
0;17100;STARFRUIT;5028;1;5027;26;;;5034;27;;;;;5031.0;101.75390625
0;17100;AMETHYSTS;9996;1;9995;26;;;10004;1;10005;26;;;10000.0;252.0
0;17200;AMETHYSTS;9996;1;9995;27;;;10004;1;10005;27;;;10000.0;252.0
0;17200;STARFRUIT;5028;5;5027;28;;;5034;28;;;;;5031.0;95.6640625
0;17300;AMETHYSTS;9996;1;9995;27;;;10004;1;10005;27;;;10000.0;252.0
0;17300;STARFRUIT;5026;28;;;;;5031;6;5032;1;5033;27;5028.5;83.796875
0;17400;AMETHYSTS;9995;25;;;;;9998;11;10005;25;;;9996.5;252.0
0;17400;STARFRUIT;5030;3;5026;2;5025;25;5032;25;;;;;5031.0;81.9140625
0;17500;STARFRUIT;5026;28;;;;;5033;28;;;;;5029.5;87.65234375
0;17500;AMETHYSTS;9996;2;9995;26;;;10004;2;10005;26;;;10000.0;282.0
0;17600;AMETHYSTS;9996;1;9995;29;;;10004;1;10005;29;;;10000.0;282.0
0;17600;STARFRUIT;5027;3;5026;30;;;5032;1;5033;29;;;5029.5;86.21484375
0;17700;AMETHYSTS;9998;2;9995;22;;;10005;22;;;;;10001.5;282.0
0;17700;STARFRUIT;5026;22;;;;;5033;22;;;;;5029.5;88.052734375
0;17800;AMETHYSTS;9996;2;9995;30;;;9998;3;10002;5;10004;2;9997.0;282.0
0;17800;STARFRUIT;5026;32;;;;;5031;5;5033;32;;;5028.5;89.4609375
0;17900;STARFRUIT;5032;1;5029;2;5026;21;5033;21;;;;;5032.5;89.28125
0;17900;AMETHYSTS;9995;21;;;;;9998;1;10002;3;10005;21;9996.5;288.0
0;18000;AMETHYSTS;9995;24;;;;;10005;24;;;;;10000.0;290.0
0;18000;STARFRUIT;5026;24;;;;;5033;24;;;;;5029.5;90.494140625
0;18100;AMETHYSTS;9996;2;9995;28;;;10004;2;10005;28;;;10000.0;290.0
0;18100;STARFRUIT;5026;30;;;;;5033;30;;;;;5029.5;90.45703125
0;18200;AMETHYSTS;9996;2;9995;23;;;10002;10;10004;2;10005;23;9999.0;290.0
0;18200;STARFRUIT;5027;25;;;;;5033;2;5034;23;;;5030.0;117.296875
0;18300;STARFRUIT;5027;20;;;;;5034;20;;;;;5030.5;119.7578125
0;18300;AMETHYSTS;9995;20;;;;;10005;20;;;;;10000.0;290.0
0;18400;AMETHYSTS;9996;1;9995;21;;;10004;1;10005;21;;;10000.0;290.0
0;18400;STARFRUIT;5032;1;5027;22;;;5033;1;5034;21;;;5032.5;118.3828125
0;18500;AMETHYSTS;9996;2;9995;21;;;10004;2;10005;21;;;10000.0;290.0
0;18500;STARFRUIT;5027;23;;;;;5029;1;5034;23;;;5028.0;125.484375
0;18600;AMETHYSTS;9996;1;9995;21;;;10004;1;10005;21;;;10000.0;290.0
0;18600;STARFRUIT;5028;22;;;;;5029;9;5035;22;;;5028.5;136.859375
0;18700;STARFRUIT;5028;30;;;;;5035;30;;;;;5031.5;163.578125
0;18700;AMETHYSTS;10002;1;9995;30;;;10005;30;;;;;10003.5;290.0
0;18800;AMETHYSTS;9995;24;;;;;10002;7;10005;24;;;9998.5;292.0
0;18800;STARFRUIT;5028;24;;;;;5035;24;;;;;5031.5;157.625
0;18900;AMETHYSTS;10002;1;9995;25;;;10005;25;;;;;10003.5;292.0
0;18900;STARFRUIT;5030;7;5029;25;;;5036;25;;;;;5033.0;173.25
0;19000;AMETHYSTS;9996;1;9995;30;;;10004;1;10005;30;;;10000.0;294.0
0;19000;STARFRUIT;5029;31;;;;;5036;31;;;;;5032.5;178.84375
0;19100;STARFRUIT;5030;2;5029;21;;;5036;23;;;;;5033.0;186.7109375
0;19100;AMETHYSTS;9996;2;9995;21;;;10004;2;10005;21;;;10000.0;294.0
0;19200;AMETHYSTS;9995;26;;;;;10002;1;10005;26;;;9998.5;294.0
0;19200;STARFRUIT;5030;26;;;;;5037;26;;;;;5033.5;193.828125
0;19300;AMETHYSTS;9996;2;9995;23;;;9998;6;10004;2;10005;23;9997.0;294.0
0;19300;STARFRUIT;5032;2;5031;23;;;5038;25;;;;;5035.0;224.25
0;19400;AMETHYSTS;9996;2;9995;24;;;10002;5;10004;2;10005;24;9999.0;306.0
0;19400;STARFRUIT;5032;26;;;;;5038;2;5039;24;;;5035.0;230.2265625
0;19500;STARFRUIT;5031;23;;;;;5038;23;;;;;5034.5;225.046875
0;19500;AMETHYSTS;9995;23;;;;;10005;23;;;;;10000.0;306.0
0;19600;AMETHYSTS;10002;1;9998;5;9996;1;10004;1;10005;26;;;10003.0;306.0
0;19600;STARFRUIT;5032;27;;;;;5038;1;5039;26;;;5035.0;230.578125
0;19700;AMETHYSTS;9996;2;9995;29;;;10004;2;10005;29;;;10000.0;308.0
0;19700;STARFRUIT;5032;31;;;;;5039;31;;;;;5035.5;245.3828125
0;19800;AMETHYSTS;9996;2;9995;26;;;10004;2;10005;26;;;10000.0;308.0
0;19800;STARFRUIT;5033;2;5032;26;;;5039;28;;;;;5036.0;247.37890625
0;19900;STARFRUIT;5033;1;5032;22;;;5039;23;;;;;5036.0;246.9921875
0;19900;AMETHYSTS;9996;1;9995;22;;;9998;1;10004;1;10005;22;9997.0;308.0
0;20000;AMETHYSTS;9995;26;;;;;9998;1;10005;26;;;9996.5;326.0
0;20000;STARFRUIT;5032;26;;;;;5037;4;5039;26;;;5034.5;245.64453125
0;20100;AMETHYSTS;9996;1;9995;29;;;9998;4;10004;1;10005;29;9997.0;326.0
0;20100;STARFRUIT;5033;30;;;;;5038;4;5039;1;5040;29;5035.5;249.54296875
0;20200;AMETHYSTS;10002;1;9995;20;;;10005;20;;;;;10003.5;326.0
0;20200;STARFRUIT;5032;20;;;;;5039;20;;;;;5035.5;245.56640625
0;20300;STARFRUIT;5032;24;;;;;5039;24;;;;;5035.5;247.28125
0;20300;AMETHYSTS;10002;4;9995;24;;;10005;24;;;;;10003.5;328.0
0;20400;AMETHYSTS;10002;2;9996;1;9995;27;10004;1;10005;27;;;10003.0;336.0
0;20400;STARFRUIT;5032;28;;;;;5033;3;5039;28;;;5032.5;242.0390625
0;20500;AMETHYSTS;9998;7;9996;1;9995;25;10004;1;10005;25;;;10001.0;340.0
0;20500;STARFRUIT;5032;26;;;;;5033;8;5039;26;;;5032.5;252.1953125
0;20600;AMETHYSTS;9996;1;9995;24;;;9998;4;10002;5;10004;1;9997.0;340.0
0;20600;STARFRUIT;5033;25;;;;;5040;25;;;;;5036.5;286.9453125
0;20700;STARFRUIT;5038;2;5034;3;5033;30;5041;30;;;;;5039.5;300.78125
0;20700;AMETHYSTS;9995;30;;;;;10005;30;;;;;10000.0;348.0
0;20800;AMETHYSTS;9996;2;9995;24;;;10004;2;10005;24;;;10000.0;348.0
0;20800;STARFRUIT;5034;26;;;;;5040;2;5041;24;;;5037.0;311.0
0;20900;AMETHYSTS;9996;2;9995;29;;;10004;2;10005;29;;;10000.0;348.0
0;20900;STARFRUIT;5034;31;;;;;5035;1;5041;31;;;5034.5;318.7109375
0;21000;STARFRUIT;5034;26;;;;;5041;26;;;;;5037.5;322.6875
0;21000;AMETHYSTS;9996;1;9995;25;;;10004;1;10005;25;;;10000.0;348.0
0;21100;STARFRUIT;5034;28;;;;;5037;2;5041;28;;;5035.5;317.421875
0;21100;AMETHYSTS;9995;28;;;;;10000;2;10005;28;;;9997.5;348.0
0;21200;STARFRUIT;5040;1;5034;29;;;5041;29;;;;;5040.5;324.8671875
0;21200;AMETHYSTS;9995;29;;;;;9998;1;10005;29;;;9996.5;348.0
0;21300;AMETHYSTS;9995;22;;;;;10005;22;;;;;10000.0;350.0
0;21300;STARFRUIT;5034;22;;;;;5040;2;5042;22;;;5037.0;332.3671875
0;21400;STARFRUIT;5035;1;5034;29;;;5041;30;;;;;5038.0;330.203125
0;21400;AMETHYSTS;9996;1;9995;29;;;10004;1;10005;29;;;10000.0;350.0
0;21500;STARFRUIT;5034;28;;;;;5035;5;5041;30;;;5034.5;330.40625
0;21500;AMETHYSTS;9996;2;9995;28;;;10004;2;10005;28;;;10000.0;350.0
0;21600;STARFRUIT;5035;22;;;;;5042;22;;;;;5038.5;343.703125
0;21600;AMETHYSTS;9998;5;9996;2;9995;20;10004;2;10005;20;;;10001.0;350.0
0;21700;AMETHYSTS;9996;2;9995;25;;;10004;2;10005;25;;;10000.0;350.0
0;21700;STARFRUIT;5035;6;5034;25;;;5041;2;5042;25;;;5038.0;337.875
0;21800;STARFRUIT;5035;26;;;;;5042;26;;;;;5038.5;350.796875
0;21800;AMETHYSTS;9996;1;9995;25;;;10004;1;10005;25;;;10000.0;350.0
0;21900;STARFRUIT;5035;27;;;;;5042;27;;;;;5038.5;349.984375
0;21900;AMETHYSTS;9995;27;;;;;10002;3;10005;27;;;9998.5;350.0
0;22000;STARFRUIT;5035;22;;;;;5042;22;;;;;5038.5;351.2421875
0;22000;AMETHYSTS;9996;2;9995;20;;;10004;2;10005;20;;;10000.0;350.0
0;22100;AMETHYSTS;9995;22;;;;;10005;22;;;;;10000.0;350.0
0;22100;STARFRUIT;5035;22;;;;;5040;4;5042;22;;;5037.5;345.96875
0;22200;STARFRUIT;5036;3;5035;23;;;5042;23;;;;;5039.0;355.8203125
0;22200;AMETHYSTS;10002;1;9995;23;;;10005;23;;;;;10003.5;350.0
0;22300;STARFRUIT;5036;30;;;;;5043;30;;;;;5039.5;364.9921875
0;22300;AMETHYSTS;9996;2;9995;28;;;10004;2;10005;28;;;10000.0;352.0
0;22400;STARFRUIT;5036;24;;;;;5043;24;;;;;5039.5;371.7421875
0;22400;AMETHYSTS;9996;1;9995;23;;;10002;2;10004;1;10005;23;9999.0;352.0
0;22500;AMETHYSTS;9998;2;9995;27;;;10005;27;;;;;10001.5;352.0
0;22500;STARFRUIT;5041;1;5036;27;;;5043;27;;;;;5042.0;360.65625
0;22600;STARFRUIT;5042;1;5041;4;5037;4;5043;26;;;;;5042.5;372.4140625
0;22600;AMETHYSTS;9998;5;9996;1;9995;25;10004;1;10005;25;;;10001.0;352.0
0;22700;STARFRUIT;5036;26;;;;;5042;1;5043;25;;;5039.0;372.4609375
0;22700;AMETHYSTS;9996;1;9995;25;;;10002;9;10004;1;10005;25;9999.0;352.0
0;22800;STARFRUIT;5036;27;;;;;5043;27;;;;;5039.5;375.328125
0;22800;AMETHYSTS;10002;1;9996;1;9995;26;10004;1;10005;26;;;10003.0;352.0
0;22900;AMETHYSTS;10002;2;9996;1;9995;22;10004;1;10005;22;;;10003.0;358.0
0;22900;STARFRUIT;5036;23;;;;;5037;1;5041;4;5043;23;5036.5;385.21875
0;23000;STARFRUIT;5042;1;5037;1;5036;20;5043;21;;;;;5042.5;390.328125
0;23000;AMETHYSTS;9996;1;9995;20;;;10002;2;10004;1;10005;20;9999.0;362.0
0;23100;STARFRUIT;5038;7;5037;28;;;5043;2;5044;26;;;5040.5;399.3671875
0;23100;AMETHYSTS;9996;2;9995;26;;;10004;2;10005;26;;;10000.0;362.0
0;23200;AMETHYSTS;9996;1;9995;24;;;10002;4;10004;1;10005;24;9999.0;362.0
0;23200;STARFRUIT;5037;2;5036;24;;;5043;25;;;;;5040.0;394.3203125
0;23300;AMETHYSTS;9996;2;9995;21;;;10004;2;10005;21;;;10000.0;362.0
0;23300;STARFRUIT;5037;2;5036;21;;;5043;2;5044;21;;;5040.0;395.65625
0;23400;STARFRUIT;5037;1;5036;29;;;5043;1;5044;29;;;5040.0;395.9296875
0;23400;AMETHYSTS;9996;1;9995;29;;;10004;1;10005;29;;;10000.0;362.0
0;23500;AMETHYSTS;9996;1;9995;30;;;10004;1;10005;30;;;10000.0;362.0
0;23500;STARFRUIT;5038;3;5037;31;;;5044;31;;;;;5041.0;414.609375
0;23600;AMETHYSTS;9996;2;9995;25;;;10004;2;10005;25;;;10000.0;362.0
0;23600;STARFRUIT;5037;1;5036;25;;;5043;27;;;;;5040.0;406.96875
0;23700;AMETHYSTS;9996;1;9995;20;;;10004;1;10005;20;;;10000.0;362.0
0;23700;STARFRUIT;5042;1;5037;21;;;5043;1;5044;20;;;5042.5;408.671875
0;23800;STARFRUIT;5037;22;;;;;5044;22;;;;;5040.5;410.96875
0;23800;AMETHYSTS;9995;22;;;;;10005;22;;;;;10000.0;362.0
0;23900;AMETHYSTS;9995;27;;;;;10005;27;;;;;10000.0;362.0
0;23900;STARFRUIT;5037;27;;;;;5044;27;;;;;5040.5;411.1875
0;24000;AMETHYSTS;9995;29;;;;;10005;29;;;;;10000.0;362.0
0;24000;STARFRUIT;5038;6;5037;29;;;5044;29;;;;;5041.0;424.2890625
0;24100;AMETHYSTS;9996;2;9995;20;;;10004;2;10005;20;;;10000.0;362.0
0;24100;STARFRUIT;5037;22;;;;;5044;22;;;;;5040.5;422.921875
0;24200;STARFRUIT;5038;24;;;;;5043;8;5044;1;5045;23;5040.5;431.71875
0;24200;AMETHYSTS;9996;1;9995;23;;;10002;7;10004;1;10005;23;9999.0;362.0
0;24300;AMETHYSTS;10002;1;9995;27;;;10005;27;;;;;10003.5;362.0
0;24300;STARFRUIT;5038;26;;;;;5043;5;5045;27;;;5040.5;430.4765625
0;24400;AMETHYSTS;9996;1;9995;28;;;10004;1;10005;28;;;10000.0;364.0
0;24400;STARFRUIT;5038;9;5037;28;;;5044;29;;;;;5041.0;425.765625
0;24500;AMETHYSTS;9996;2;9995;24;;;10002;10;10004;2;10005;24;9999.0;364.0
0;24500;STARFRUIT;5037;26;;;;;5044;26;;;;;5040.5;416.9453125
0;24600;STARFRUIT;5038;2;5037;22;;;5044;24;;;;;5041.0;425.5234375
0;24600;AMETHYSTS;9996;2;9995;22;;;10002;10;10004;2;10005;22;9999.0;364.0
0;24700;AMETHYSTS;9996;2;9995;20;;;10004;2;10005;20;;;10000.0;364.0
0;24700;STARFRUIT;5037;22;;;;;5044;22;;;;;5040.5;420.2578125
0;24800;AMETHYSTS;9995;28;;;;;10005;28;;;;;10000.0;364.0
0;24800;STARFRUIT;5037;28;;;;;5044;28;;;;;5040.5;420.2421875
0;24900;AMETHYSTS;9998;7;9995;24;;;10005;24;;;;;10001.5;364.0
0;24900;STARFRUIT;5037;24;;;;;5044;24;;;;;5040.5;416.453125
0;25000;STARFRUIT;5037;28;;;;;5043;1;5044;27;;;5040.0;412.4765625
0;25000;AMETHYSTS;10002;1;9996;1;9995;27;10004;1;10005;27;;;10003.0;364.0
0;25100;AMETHYSTS;9998;8;9996;1;9995;26;10004;1;10005;26;;;10001.0;366.0
0;25100;STARFRUIT;5036;27;;;;;5043;27;;;;;5039.5;405.5078125
0;25200;AMETHYSTS;9996;2;9995;24;;;10000;4;10004;2;10005;24;9998.0;366.0
0;25200;STARFRUIT;5037;6;5036;26;;;5039;4;5043;26;;;5038.0;405.046875
0;25300;STARFRUIT;5036;22;;;;;5042;1;5043;21;;;5039.0;393.1875
0;25300;AMETHYSTS;9998;9;9996;1;9995;21;10004;1;10005;21;;;10001.0;366.0
0;25400;AMETHYSTS;10002;3;9996;2;9995;27;10004;2;10005;27;;;10003.0;366.0
0;25400;STARFRUIT;5035;29;;;;;5042;29;;;;;5038.5;386.5
0;25500;AMETHYSTS;9996;1;9995;23;;;10004;1;10005;23;;;10000.0;372.0
0;25500;STARFRUIT;5036;1;5035;23;;;5040;6;5042;24;;;5038.0;389.1015625
0;25600;AMETHYSTS;9995;24;;;;;10005;24;;;;;10000.0;372.0
0;25600;STARFRUIT;5035;24;;;;;5040;6;5042;24;;;5037.5;381.984375
0;25700;STARFRUIT;5036;1;5035;24;;;5042;1;5043;24;;;5039.0;391.2578125
0;25700;AMETHYSTS;9996;1;9995;24;;;10004;1;10005;24;;;10000.0;372.0
0;25800;AMETHYSTS;10002;1;9996;2;9995;27;10004;2;10005;27;;;10003.0;372.0
0;25800;STARFRUIT;5037;29;;;;;5043;2;5044;27;;;5040.0;410.4921875
0;25900;AMETHYSTS;9996;2;9995;27;;;10004;2;10005;27;;;10000.0;374.0
0;25900;STARFRUIT;5037;29;;;;;5044;29;;;;;5040.5;417.140625
0;26000;AMETHYSTS;9995;27;;;;;10005;27;;;;;10000.0;374.0
0;26000;STARFRUIT;5042;1;5037;27;;;5044;27;;;;;5043.0;415.4609375
0;26100;STARFRUIT;5042;1;5038;2;5037;25;5043;1;5044;24;;;5042.5;422.328125
0;26100;AMETHYSTS;10002;1;9998;3;9996;1;10004;1;10005;24;;;10003.0;374.0
0;26200;AMETHYSTS;10002;1;9996;2;9995;27;10004;2;10005;27;;;10003.0;376.0
0;26200;STARFRUIT;5037;29;;;;;5043;2;5044;27;;;5040.0;423.890625
0;26300;AMETHYSTS;9996;1;9995;25;;;10002;1;10004;1;10005;25;9999.0;378.0
0;26300;STARFRUIT;5037;26;;;;;5038;1;5044;26;;;5037.5;434.6796875
0;26400;AMETHYSTS;9995;27;;;;;10005;27;;;;;10000.0;378.0
0;26400;STARFRUIT;5037;27;;;;;5044;27;;;;;5040.5;442.21875
0;26500;STARFRUIT;5038;22;;;;;5044;1;5045;21;;;5041.0;447.0625
0;26500;AMETHYSTS;9996;1;9995;21;;;10004;1;10005;21;;;10000.0;378.0
0;26600;AMETHYSTS;9996;2;9995;29;;;9998;4;10004;2;10005;29;9997.0;378.0
0;26600;STARFRUIT;5037;31;;;;;5044;31;;;;;5040.5;434.8046875
0;26700;AMETHYSTS;9995;26;;;;;10005;26;;;;;10000.0;386.0
0;26700;STARFRUIT;5042;1;5038;8;5037;26;5044;26;;;;;5043.0;432.5234375
0;26800;AMETHYSTS;10002;1;9998;7;9995;20;10005;20;;;;;10003.5;386.0
0;26800;STARFRUIT;5037;20;;;;;5044;20;;;;;5040.5;436.703125
0;26900;STARFRUIT;5037;22;;;;;5044;22;;;;;5040.5;438.359375
0;26900;AMETHYSTS;9995;22;;;;;10005;22;;;;;10000.0;388.0
0;27000;AMETHYSTS;9998;2;9996;1;9995;26;10004;1;10005;26;;;10001.0;388.0
0;27000;STARFRUIT;5037;27;;;;;5042;6;5044;27;;;5039.5;432.1171875
0;27100;AMETHYSTS;9996;2;9995;27;;;9998;1;10002;10;10004;2;9997.0;388.0
0;27100;STARFRUIT;5043;1;5037;29;;;5044;29;;;;;5043.5;437.734375
0;27200;AMETHYSTS;9998;3;9996;2;9995;23;10004;2;10005;23;;;10001.0;390.0
0;27200;STARFRUIT;5042;1;5038;7;5037;25;5043;2;5044;23;;;5042.5;432.75
0;27300;STARFRUIT;5037;25;;;;;5038;1;5044;25;;;5037.5;445.75
0;27300;AMETHYSTS;9995;25;;;;;10002;8;10005;25;;;9998.5;390.0
0;27400;AMETHYSTS;9996;1;9995;22;;;9998;3;10004;1;10005;22;9997.0;390.0
0;27400;STARFRUIT;5041;6;5039;1;5038;22;5045;23;;;;;5043.0;463.15625
0;27500;AMETHYSTS;9995;30;;;;;10005;30;;;;;10000.0;396.0
0;27500;STARFRUIT;5038;30;;;;;5045;30;;;;;5041.5;460.2109375
0;27600;AMETHYSTS;9996;2;9995;26;;;10002;4;10004;2;10005;26;9999.0;396.0
0;27600;STARFRUIT;5043;1;5039;6;5038;28;5045;28;;;;;5044.0;456.6640625
0;27700;STARFRUIT;5038;32;;;;;5045;32;;;;;5041.5;459.75
0;27700;AMETHYSTS;9996;2;9995;30;;;10004;2;10005;30;;;10000.0;396.0
0;27800;AMETHYSTS;9998;2;9996;2;9995;20;10004;2;10005;20;;;10001.0;396.0
0;27800;STARFRUIT;5039;5;5038;22;;;5044;2;5045;20;;;5041.5;452.7734375
0;27900;AMETHYSTS;9995;29;;;;;10005;29;;;;;10000.0;396.0
0;27900;STARFRUIT;5038;29;;;;;5043;8;5045;29;;;5040.5;462.3515625
0;28000;AMETHYSTS;9995;22;;;;;10005;22;;;;;10000.0;396.0
0;28000;STARFRUIT;5039;4;5038;22;;;5045;22;;;;;5042.0;459.34375
0;28100;STARFRUIT;5039;21;;;;;5046;21;;;;;5042.5;474.0390625
0;28100;AMETHYSTS;9996;1;9995;20;;;10004;1;10005;20;;;10000.0;396.0
0;28200;AMETHYSTS;9995;23;;;;;10005;23;;;;;10000.0;404.0
0;28200;STARFRUIT;5039;23;;;;;5046;23;;;;;5042.5;472.984375
0;28300;AMETHYSTS;9996;2;9995;28;;;10004;2;10005;28;;;10000.0;404.0
0;28300;STARFRUIT;5039;30;;;;;5045;2;5046;28;;;5042.0;470.2265625
0;28400;AMETHYSTS;9995;20;;;;;10002;8;10005;20;;;9998.5;404.0
0;28400;STARFRUIT;5039;20;;;;;5046;20;;;;;5042.5;472.3515625
0;28500;STARFRUIT;5039;5;5038;28;;;5045;30;;;;;5042.0;465.8828125
0;28500;AMETHYSTS;9996;2;9995;28;;;10004;2;10005;28;;;10000.0;404.0
0;28600;AMETHYSTS;9996;2;9995;26;;;10000;5;10002;5;10004;2;9998.0;404.0
0;28600;STARFRUIT;5039;27;;;;;5042;5;5045;2;5046;26;5040.5;469.8046875
0;28700;AMETHYSTS;9998;8;9996;2;9995;22;10004;2;10005;22;;;10001.0;404.0
0;28700;STARFRUIT;5039;23;;;;;5045;2;5046;22;;;5042.0;469.953125
0;28800;AMETHYSTS;9995;21;;;;;10002;8;10005;21;;;9998.5;404.0
0;28800;STARFRUIT;5038;21;;;;;5046;21;;;;;5042.0;467.765625
0;28900;STARFRUIT;5040;1;5039;23;;;5045;1;5046;22;;;5042.5;470.7265625
0;28900;AMETHYSTS;9996;1;9995;22;;;10002;5;10004;1;10005;22;9999.0;404.0
0;29000;AMETHYSTS;10002;1;9996;2;9995;24;10004;2;10005;24;;;10003.0;404.0
0;29000;STARFRUIT;5039;26;;;;;5045;2;5046;24;;;5042.0;471.140625
0;29100;AMETHYSTS;9995;23;;;;;10002;2;10005;23;;;9998.5;406.0
0;29100;STARFRUIT;5039;23;;;;;5046;23;;;;;5042.5;470.328125
0;29200;AMETHYSTS;9996;1;9995;22;;;10004;1;10005;22;;;10000.0;406.0
0;29200;STARFRUIT;5040;1;5039;22;;;5046;23;;;;;5043.0;481.96875
0;29300;STARFRUIT;5040;23;;;;;5046;1;5047;22;;;5043.0;486.5078125
0;29300;AMETHYSTS;9996;1;9995;22;;;10004;1;10005;22;;;10000.0;406.0
0;29400;AMETHYSTS;9996;2;9995;23;;;10002;4;10004;2;10005;23;9999.0;406.0
0;29400;STARFRUIT;5039;25;;;;;5046;25;;;;;5042.5;478.046875
0;29500;AMETHYSTS;9998;6;9995;20;;;10005;20;;;;;10001.5;406.0
0;29500;STARFRUIT;5039;20;;;;;5040;1;5046;20;;;5039.5;481.8515625
0;29600;AMETHYSTS;9996;1;9995;26;;;10000;4;10004;1;10005;26;9998.0;406.0
0;29600;STARFRUIT;5040;1;5039;26;;;5042;4;5046;27;;;5041.0;483.8203125
0;29700;STARFRUIT;5040;23;;;;;5045;8;5046;1;5047;22;5042.5;487.484375
0;29700;AMETHYSTS;9996;1;9995;22;;;10002;7;10004;1;10005;22;9999.0;406.0
0;29800;STARFRUIT;5045;1;5040;4;5039;25;5047;25;;;;;5046.0;486.90625
0;29800;AMETHYSTS;9995;25;;;;;10005;25;;;;;10000.0;406.0
0;29900;AMETHYSTS;9996;2;9995;30;;;10004;2;10005;30;;;10000.0;426.0
0;29900;STARFRUIT;5040;32;;;;;5047;32;;;;;5043.5;498.4765625
0;30000;STARFRUIT;5041;6;5040;23;;;5047;25;;;;;5044.0;519.81884765625
0;30000;AMETHYSTS;9998;10;9996;2;9995;23;10004;2;10005;23;;;10001.0;426.0
0;30100;STARFRUIT;5041;1;5040;20;;;5047;21;;;;;5044.0;519.8291015625
0;30100;AMETHYSTS;9996;1;9995;20;;;10004;1;10005;20;;;10000.0;426.0
0;30200;STARFRUIT;5041;30;;;;;5048;30;;;;;5044.5;520.2607421875
0;30200;AMETHYSTS;9996;2;9995;28;;;9998;1;10002;8;10004;2;9997.0;426.0
0;30300;AMETHYSTS;10002;4;9996;2;9995;29;10004;2;10005;29;;;10003.0;428.0
0;30300;STARFRUIT;5041;31;;;;;5046;1;5047;2;5048;29;5043.5;520.07958984375
0;30400;STARFRUIT;5045;2;5040;30;;;5047;30;;;;;5046.0;519.529296875
0;30400;AMETHYSTS;9995;30;;;;;10005;30;;;;;10000.0;436.0
0;30500;STARFRUIT;5040;7;5039;28;;;5046;30;;;;;5043.0;523.08984375
0;30500;AMETHYSTS;9996;2;9995;28;;;10004;2;10005;28;;;10000.0;436.0
0;30600;STARFRUIT;5040;32;;;;;5045;7;5046;2;5047;30;5042.5;522.921875
0;30600;AMETHYSTS;10002;1;9996;2;9995;30;10004;2;10005;30;;;10003.0;436.0
0;30700;AMETHYSTS;9996;2;9995;27;;;10004;2;10005;27;;;10000.0;446.0
0;30700;STARFRUIT;5039;29;;;;;5046;29;;;;;5042.5;523.30810546875
0;30800;STARFRUIT;5039;2;5038;29;;;5045;31;;;;;5042.0;524.044921875
0;30800;AMETHYSTS;9998;8;9996;2;9995;29;10004;2;10005;29;;;10001.0;446.0
0;30900;STARFRUIT;5038;21;;;;;5043;7;5045;21;;;5040.5;524.109375
0;30900;AMETHYSTS;9995;21;;;;;10005;21;;;;;10000.0;446.0
0;31000;STARFRUIT;5043;1;5042;5;5038;28;5045;28;;;;;5044.0;524.65673828125
0;31000;AMETHYSTS;9996;2;9995;26;;;10002;2;10004;2;10005;26;9999.0;446.0
0;31100;AMETHYSTS;10002;1;9995;23;;;10005;23;;;;;10003.5;446.0
0;31100;STARFRUIT;5038;23;;;;;5039;9;5045;23;;;5038.5;526.158203125
0;31200;STARFRUIT;5037;21;;;;;5042;8;5044;22;;;5039.5;544.1953125
0;31200;AMETHYSTS;9996;1;9995;21;;;10002;6;10004;1;10005;21;9999.0;448.0
0;31300;STARFRUIT;5038;22;;;;;5044;2;5045;20;;;5041.0;545.640625
0;31300;AMETHYSTS;9996;2;9995;20;;;10004;2;10005;20;;;10000.0;448.0
0;31400;STARFRUIT;5038;22;;;;;5045;22;;;;;5041.5;547.7734375
0;31400;AMETHYSTS;9995;22;;;;;10005;22;;;;;10000.0;448.0
0;31500;AMETHYSTS;9996;1;9995;21;;;10004;1;10005;21;;;10000.0;448.0
0;31500;STARFRUIT;5038;22;;;;;5045;22;;;;;5041.5;547.9609375
0;31600;STARFRUIT;5039;24;;;;;5046;24;;;;;5042.5;553.921875
0;31600;AMETHYSTS;9995;24;;;;;9998;3;10005;24;;;9996.5;448.0
0;31700;STARFRUIT;5038;29;;;;;5045;29;;;;;5041.5;550.55859375
0;31700;AMETHYSTS;9995;29;;;;;10002;3;10005;29;;;9998.5;454.0
0;31800;STARFRUIT;5043;2;5038;24;;;5045;24;;;;;5044.0;548.734375
0;31800;AMETHYSTS;9996;2;9995;22;;;10002;2;10004;2;10005;22;9999.0;466.0
0;31900;AMETHYSTS;9996;2;9995;26;;;10004;2;10005;26;;;10000.0;466.0
0;31900;STARFRUIT;5039;6;5038;28;;;5045;28;;;;;5042.0;552.078125
0;32000;STARFRUIT;5038;22;;;;;5045;22;;;;;5041.5;550.67578125
0;32000;AMETHYSTS;9996;2;9995;20;;;10002;10;10004;2;10005;20;9999.0;466.0
0;32100;AMETHYSTS;9998;9;9995;25;;;10005;25;;;;;10001.5;466.0
0;32100;STARFRUIT;5037;25;;;;;5044;25;;;;;5040.5;547.89453125
0;32200;AMETHYSTS;9996;1;9995;24;;;10002;5;10004;1;10005;24;9999.0;466.0
0;32200;STARFRUIT;5037;25;;;;;5044;25;;;;;5040.5;547.01953125
0;32300;AMETHYSTS;10000;3;9996;2;9995;30;10004;2;10005;30;;;10002.0;466.0
0;32300;STARFRUIT;5040;3;5038;2;5037;30;5044;32;;;;;5042.0;548.3828125
0;32400;STARFRUIT;5037;29;;;;;5044;29;;;;;5040.5;546.83203125
0;32400;AMETHYSTS;9998;2;9995;29;;;10005;29;;;;;10001.5;466.0
0;32500;AMETHYSTS;10002;1;9996;2;9995;24;10004;2;10005;24;;;10003.0;466.0
0;32500;STARFRUIT;5038;1;5037;26;;;5043;2;5044;24;;;5040.5;544.2109375
0;32600;AMETHYSTS;9998;1;9996;2;9995;26;10004;2;10005;26;;;10001.0;468.0
0;32600;STARFRUIT;5037;28;;;;;5044;28;;;;;5040.5;564.0947265625
0;32700;AMETHYSTS;9996;2;9995;30;;;10004;2;10005;30;;;10000.0;468.0
0;32700;STARFRUIT;5038;32;;;;;5044;2;5045;30;;;5041.0;562.7275390625
0;32800;STARFRUIT;5038;29;;;;;5045;29;;;;;5041.5;562.4833984375
0;32800;AMETHYSTS;9995;29;;;;;10005;29;;;;;10000.0;468.0
0;32900;AMETHYSTS;9996;1;9995;20;;;10002;10;10004;1;10005;20;9999.0;468.0
0;32900;STARFRUIT;5038;1;5037;20;;;5044;21;;;;;5041.0;563.3984375
0;33000;AMETHYSTS;9998;2;9995;28;;;10005;28;;;;;10001.5;468.0
0;33000;STARFRUIT;5037;28;;;;;5042;4;5044;28;;;5039.5;563.09765625
0;33100;AMETHYSTS;9996;1;9995;25;;;10004;1;10005;25;;;10000.0;468.0
0;33100;STARFRUIT;5037;26;;;;;5044;26;;;;;5040.5;563.5185546875
0;33200;STARFRUIT;5038;24;;;;;5043;5;5044;1;5045;23;5040.5;562.6103515625
0;33200;AMETHYSTS;9996;1;9995;23;;;10004;1;10005;23;;;10000.0;468.0
0;33300;AMETHYSTS;9996;1;9995;30;;;10002;1;10004;1;10005;30;9999.0;468.0
0;33300;STARFRUIT;5038;31;;;;;5045;31;;;;;5041.5;562.2138671875
0;33400;AMETHYSTS;9995;20;;;;;10005;20;;;;;10000.0;468.0
0;33400;STARFRUIT;5037;20;;;;;5042;2;5044;20;;;5039.5;563.2470703125
0;33500;AMETHYSTS;9996;2;9995;21;;;10002;4;10004;2;10005;21;9999.0;468.0
0;33500;STARFRUIT;5038;2;5037;21;;;5044;23;;;;;5041.0;563.1845703125
0;33600;STARFRUIT;5037;27;;;;;5044;27;;;;;5040.5;564.7158203125
0;33600;AMETHYSTS;9995;27;;;;;9998;2;10005;27;;;9996.5;468.0
0;33700;AMETHYSTS;9996;1;9995;25;;;10004;1;10005;25;;;10000.0;472.0
0;33700;STARFRUIT;5037;1;5036;25;;;5041;6;5043;26;;;5039.0;565.40234375
0;33800;AMETHYSTS;9995;21;;;;;10002;4;10005;21;;;9998.5;472.0
0;33800;STARFRUIT;5036;21;;;;;5043;21;;;;;5039.5;566.369140625
0;33900;AMETHYSTS;9996;1;9995;27;;;10004;1;10005;27;;;10000.0;472.0
0;33900;STARFRUIT;5035;28;;;;;5042;28;;;;;5038.5;567.5224609375
0;34000;STARFRUIT;5041;1;5036;2;5035;28;5042;30;;;;;5041.5;567.189453125
0;34000;AMETHYSTS;9996;2;9995;28;;;10004;2;10005;28;;;10000.0;516.0
0;34100;AMETHYSTS;9996;2;9995;25;;;10004;2;10005;25;;;10000.0;516.0
0;34100;STARFRUIT;5036;2;5035;25;;;5042;27;;;;;5039.0;569.59765625
0;34200;AMETHYSTS;9996;2;9995;30;;;10002;2;10004;2;10005;30;9999.0;516.0
0;34200;STARFRUIT;5036;32;;;;;5043;32;;;;;5039.5;566.7236328125
0;34300;STARFRUIT;5036;28;;;;;5043;29;;;;;5039.5;567.65625
0;34300;AMETHYSTS;9996;1;9995;28;;;10004;1;10005;28;;;10000.0;516.0
0;34400;AMETHYSTS;9996;2;9995;28;;;10004;2;10005;28;;;10000.0;516.0
0;34400;STARFRUIT;5036;30;;;;;5043;30;;;;;5039.5;567.1796875
0;34500;AMETHYSTS;9996;2;9995;22;;;10004;2;10005;22;;;10000.0;516.0
0;34500;STARFRUIT;5037;24;;;;;5044;24;;;;;5040.5;564.8134765625
0;34600;AMETHYSTS;9995;24;;;;;10005;24;;;;;10000.0;516.0
0;34600;STARFRUIT;5037;24;;;;;5044;24;;;;;5040.5;565.900390625
0;34700;STARFRUIT;5037;7;5036;25;;;5043;25;;;;;5040.0;614.21875
0;34700;AMETHYSTS;9996;2;9995;23;;;10004;2;10005;23;;;10000.0;516.0
0;34800;AMETHYSTS;9998;3;9996;2;9995;22;10004;2;10005;22;;;10001.0;516.0
0;34800;STARFRUIT;5036;22;;;;;5037;8;5043;24;;;5036.5;611.125
0;34900;AMETHYSTS;9995;24;;;;;10005;24;;;;;10000.0;516.0
0;34900;STARFRUIT;5037;24;;;;;5044;24;;;;;5040.5;628.54296875
0;35000;AMETHYSTS;9995;29;;;;;10005;29;;;;;10000.0;516.0
0;35000;STARFRUIT;5037;29;;;;;5044;29;;;;;5040.5;628.37890625
0;35100;STARFRUIT;5037;23;;;;;5044;23;;;;;5040.5;629.484375
0;35100;AMETHYSTS;9996;2;9995;21;;;10004;2;10005;21;;;10000.0;516.0
0;35200;AMETHYSTS;9995;24;;;;;10005;24;;;;;10000.0;516.0
0;35200;STARFRUIT;5037;24;;;;;5042;3;5044;24;;;5039.5;627.46484375
0;35300;AMETHYSTS;9998;8;9996;1;9995;22;10004;1;10005;22;;;10001.0;516.0
0;35300;STARFRUIT;5038;8;5037;23;;;5044;23;;;;;5041.0;628.69140625
0;35400;AMETHYSTS;10002;1;9996;2;9995;25;10004;2;10005;25;;;10003.0;516.0
0;35400;STARFRUIT;5037;27;;;;;5044;27;;;;;5040.5;625.18359375
0;35500;STARFRUIT;5037;29;;;;;5044;29;;;;;5040.5;628.796875
0;35500;AMETHYSTS;9996;2;9995;27;;;10004;2;10005;27;;;10000.0;518.0
0;35600;AMETHYSTS;9996;1;9995;23;;;10002;3;10004;1;10005;23;9999.0;518.0
0;35600;STARFRUIT;5038;1;5037;23;;;5044;24;;;;;5041.0;624.58984375
0;35700;AMETHYSTS;9996;2;9995;29;;;10002;9;10004;2;10005;29;9999.0;518.0
0;35700;STARFRUIT;5037;31;;;;;5044;31;;;;;5040.5;625.17578125
0;35800;AMETHYSTS;9996;2;9995;21;;;10004;2;10005;21;;;10000.0;518.0
0;35800;STARFRUIT;5037;8;5036;21;;;5043;2;5044;21;;;5040.0;664.9921875
0;35900;STARFRUIT;5036;30;;;;;5043;30;;;;;5039.5;678.25
0;35900;AMETHYSTS;9996;2;9995;28;;;10004;2;10005;28;;;10000.0;518.0
0;36000;AMETHYSTS;9995;30;;;;;10000;2;10002;9;10005;30;9997.5;518.0
0;36000;STARFRUIT;5036;30;;;;;5039;2;5041;2;5043;30;5037.5;678.296875
0;36100;AMETHYSTS;9998;7;9996;2;9995;21;10004;2;10005;21;;;10001.0;518.0
0;36100;STARFRUIT;5036;23;;;;;5041;6;5043;23;;;5038.5;677.1796875
0;36200;AMETHYSTS;9998;5;9996;1;9995;29;10004;1;10005;29;;;10001.0;518.0
0;36200;STARFRUIT;5036;1;5035;29;;;5042;30;;;;;5039.0;687.875
0;36300;STARFRUIT;5035;31;;;;;5042;31;;;;;5038.5;689.4296875
0;36300;AMETHYSTS;9996;1;9995;30;;;10004;1;10005;30;;;10000.0;518.0
0;36400;AMETHYSTS;9996;1;9995;28;;;10002;8;10004;1;10005;28;9999.0;518.0
0;36400;STARFRUIT;5036;2;5035;28;;;5042;29;;;;;5039.0;687.546875
0;36500;AMETHYSTS;9996;2;9995;27;;;10004;2;10005;27;;;10000.0;518.0
0;36500;STARFRUIT;5035;28;;;;;5042;29;;;;;5038.5;693.8515625
0;36600;AMETHYSTS;9996;1;9995;30;;;10000;2;10004;1;10005;30;9998.0;518.0
0;36600;STARFRUIT;5035;31;;;;;5038;2;5042;31;;;5036.5;698.53125
0;36700;STARFRUIT;5035;22;;;;;5042;22;;;;;5038.5;694.9296875
0;36700;AMETHYSTS;10002;1;9996;1;9995;21;10004;1;10005;21;;;10003.0;518.0
0;36800;AMETHYSTS;9996;2;9995;23;;;10004;2;10005;23;;;10000.0;520.0
0;36800;STARFRUIT;5035;25;;;;;5042;25;;;;;5038.5;690.28125
0;36900;AMETHYSTS;9998;6;9995;22;;;10005;22;;;;;10001.5;520.0
0;36900;STARFRUIT;5035;22;;;;;5042;22;;;;;5038.5;690.5625
0;37000;AMETHYSTS;9996;2;9995;20;;;10004;2;10005;20;;;10000.0;520.0
0;37000;STARFRUIT;5036;2;5035;20;;;5042;22;;;;;5039.0;688.28125
0;37100;STARFRUIT;5039;5;5036;24;;;5043;24;;;;;5041.0;683.953125
0;37100;AMETHYSTS;10000;5;9995;24;;;10005;24;;;;;10002.5;520.0
0;37200;AMETHYSTS;9996;2;9995;27;;;10004;2;10005;27;;;10000.0;520.0
0;37200;STARFRUIT;5037;2;5036;27;;;5043;29;;;;;5040.0;672.96875
0;37300;AMETHYSTS;9996;1;9995;22;;;10004;1;10005;22;;;10000.0;520.0
0;37300;STARFRUIT;5037;23;;;;;5042;4;5044;23;;;5039.5;660.1796875
0;37400;AMETHYSTS;9995;22;;;;;10005;22;;;;;10000.0;528.0
0;37400;STARFRUIT;5038;4;5037;22;;;5044;22;;;;;5041.0;653.65625
0;37500;STARFRUIT;5040;5;5037;31;;;5044;31;;;;;5042.0;655.7734375
0;37500;AMETHYSTS;10000;5;9996;1;9995;30;10004;1;10005;30;;;10002.0;528.0
0;37600;AMETHYSTS;9996;1;9995;24;;;10004;1;10005;24;;;10000.0;528.0
0;37600;STARFRUIT;5037;25;;;;;5042;5;5044;25;;;5039.5;661.03125
0;37700;AMETHYSTS;10002;1;9995;20;;;10005;20;;;;;10003.5;564.0
0;37700;STARFRUIT;5037;20;;;;;5044;20;;;;;5040.5;670.0546875
0;37800;AMETHYSTS;9996;2;9995;23;;;10004;2;10005;23;;;10000.0;566.0
0;37800;STARFRUIT;5037;25;;;;;5043;2;5044;23;;;5040.0;669.1328125
0;37900;STARFRUIT;5038;29;;;;;5044;2;5045;27;;;5041.0;658.91015625
0;37900;AMETHYSTS;9996;2;9995;27;;;10004;2;10005;27;;;10000.0;566.0
0;38000;AMETHYSTS;9998;3;9995;30;;;10005;30;;;;;10001.5;566.0
0;38000;STARFRUIT;5038;30;;;;;5045;30;;;;;5041.5;656.4453125
0;38100;AMETHYSTS;9998;4;9996;1;9995;28;10004;1;10005;28;;;10001.0;566.0
0;38100;STARFRUIT;5038;29;;;;;5043;4;5045;29;;;5040.5;657.08984375
0;38200;AMETHYSTS;9998;4;9996;2;9995;29;10004;2;10005;29;;;10001.0;566.0
0;38200;STARFRUIT;5039;2;5038;29;;;5045;31;;;;;5042.0;649.3203125
0;38300;STARFRUIT;5040;5;5039;22;;;5046;22;;;;;5043.0;644.1171875
0;38300;AMETHYSTS;9995;22;;;;;10005;22;;;;;10000.0;566.0
0;38400;AMETHYSTS;9996;2;9995;29;;;10004;2;10005;29;;;10000.0;566.0
0;38400;STARFRUIT;5039;31;;;;;5040;4;5046;31;;;5039.5;645.03125
0;38500;AMETHYSTS;9996;2;9995;22;;;10004;2;10005;22;;;10000.0;566.0
0;38500;STARFRUIT;5038;24;;;;;5045;24;;;;;5041.5;660.078125
0;38600;STARFRUIT;5038;31;;;;;5044;2;5045;29;;;5041.0;662.50390625
0;38600;AMETHYSTS;10002;1;9996;2;9995;29;10004;2;10005;29;;;10003.0;566.0
0;38700;STARFRUIT;5038;1;5037;20;;;5044;22;;;;;5041.0;665.265625
0;38700;AMETHYSTS;9996;2;9995;20;;;10004;2;10005;20;;;10000.0;568.0
0;38800;STARFRUIT;5038;27;;;;;5043;2;5044;2;5045;25;5040.5;662.52734375
0;38800;AMETHYSTS;9996;2;9995;25;;;10004;2;10005;25;;;10000.0;592.0
0;38900;AMETHYSTS;9996;2;9995;23;;;10004;2;10005;23;;;10000.0;592.0
0;38900;STARFRUIT;5038;25;;;;;5045;25;;;;;5041.5;660.98828125
0;39000;STARFRUIT;5039;1;5038;23;;;5041;3;5044;6;5045;1;5040.0;657.109375
0;39000;AMETHYSTS;9996;1;9995;23;;;10000;3;10004;1;10005;23;9998.0;592.0
0;39100;STARFRUIT;5039;8;5038;30;;;5045;30;;;;;5042.0;660.994140625
0;39100;AMETHYSTS;9996;2;9995;28;;;9998;3;10004;2;10005;28;9997.0;592.0
0;39200;STARFRUIT;5039;5;5038;21;;;5041;4;5045;21;;;5040.0;662.490234375
0;39200;AMETHYSTS;9995;21;;;;;10000;4;10005;21;;;9997.5;598.0
0;39300;AMETHYSTS;9995;24;;;;;10005;24;;;;;10000.0;602.0
0;39300;STARFRUIT;5038;24;;;;;5045;24;;;;;5041.5;664.46875
0;39400;STARFRUIT;5038;21;;;;;5045;21;;;;;5041.5;666.17578125
0;39400;AMETHYSTS;9995;21;;;;;10005;21;;;;;10000.0;602.0
0;39500;STARFRUIT;5038;29;;;;;5043;3;5045;29;;;5040.5;665.125
0;39500;AMETHYSTS;9995;29;;;;;10005;29;;;;;10000.0;602.0
0;39600;STARFRUIT;5038;31;;;;;5045;31;;;;;5041.5;664.853515625
0;39600;AMETHYSTS;9996;1;9995;30;;;10004;1;10005;30;;;10000.0;602.0
0;39700;AMETHYSTS;9996;1;9995;29;;;10000;6;10004;1;10005;29;9998.0;602.0
0;39700;STARFRUIT;5038;29;;;;;5041;6;5045;30;;;5039.5;662.724609375
0;39800;STARFRUIT;5038;24;;;;;5044;2;5045;22;;;5041.0;667.20166015625
0;39800;AMETHYSTS;9996;2;9995;22;;;9998;1;10004;2;10005;22;9997.0;602.0
0;39900;STARFRUIT;5038;29;;;;;5043;7;5045;29;;;5040.5;667.34228515625
0;39900;AMETHYSTS;9998;10;9996;1;9995;28;10004;1;10005;28;;;10001.0;604.0
0;40000;STARFRUIT;5037;26;;;;;5044;26;;;;;5040.5;666.61865234375
0;40000;AMETHYSTS;10002;11;9996;1;9995;25;10004;1;10005;25;;;10003.0;604.0
0;40100;AMETHYSTS;9995;30;;;;;10005;30;;;;;10000.0;620.0
0;40100;STARFRUIT;5037;30;;;;;5042;4;5044;30;;;5039.5;666.50244140625
0;40200;STARFRUIT;5037;25;;;;;5044;25;;;;;5040.5;666.32470703125
0;40200;AMETHYSTS;9996;1;9995;24;;;10002;7;10004;1;10005;24;9999.0;620.0
0;40300;STARFRUIT;5037;1;5036;29;;;5043;30;;;;;5040.0;684.5234375
0;40300;AMETHYSTS;10002;4;9996;1;9995;29;10004;1;10005;29;;;10003.0;620.0
0;40400;STARFRUIT;5037;25;;;;;5043;2;5044;23;;;5040.0;683.001953125
0;40400;AMETHYSTS;9996;2;9995;23;;;10004;2;10005;23;;;10000.0;620.0
0;40500;AMETHYSTS;9996;1;9995;21;;;10004;1;10005;21;;;10000.0;620.0
0;40500;STARFRUIT;5037;22;;;;;5044;22;;;;;5040.5;682.3203125
0;40600;STARFRUIT;5037;28;;;;;5045;28;;;;;5041.0;704.8828125
0;40600;AMETHYSTS;10002;1;9995;28;;;10005;28;;;;;10003.5;620.0
0;40700;STARFRUIT;5044;1;5039;6;5038;30;5045;30;;;;;5044.5;695.7734375
0;40700;AMETHYSTS;9998;10;9996;1;9995;29;10004;1;10005;29;;;10001.0;620.0
0;40800;STARFRUIT;5038;21;;;;;5045;21;;;;;5041.5;696.2734375
0;40800;AMETHYSTS;9995;21;;;;;10005;21;;;;;10000.0;620.0
0;40900;AMETHYSTS;9998;2;9995;25;;;10005;25;;;;;10001.5;620.0
0;40900;STARFRUIT;5040;3;5039;25;;;5046;25;;;;;5043.0;683.875
0;41000;STARFRUIT;5039;21;;;;;5042;2;5044;7;5045;1;5040.5;684.7578125
0;41000;AMETHYSTS;9998;10;9996;1;9995;20;10000;2;10004;1;10005;20;9999.0;620.0
0;41100;AMETHYSTS;9996;2;9995;23;;;10004;2;10005;23;;;10000.0;620.0
0;41100;STARFRUIT;5038;25;;;;;5045;25;;;;;5041.5;694.3515625
0;41200;AMETHYSTS;9995;20;;;;;10005;20;;;;;10000.0;620.0
0;41200;STARFRUIT;5038;20;;;;;5046;20;;;;;5042.0;689.3828125
0;41300;AMETHYSTS;9995;27;;;;;10005;27;;;;;10000.0;620.0
0;41300;STARFRUIT;5039;8;5038;27;;;5045;27;;;;;5042.0;694.0390625
0;41400;STARFRUIT;5039;30;;;;;5046;30;;;;;5042.5;682.3203125
0;41400;AMETHYSTS;9996;1;9995;29;;;10004;1;10005;29;;;10000.0;620.0
0;41500;AMETHYSTS;9996;2;9995;29;;;10004;2;10005;29;;;10000.0;620.0
0;41500;STARFRUIT;5039;9;5038;29;;;5045;31;;;;;5042.0;690.03125
0;41600;AMETHYSTS;9995;26;;;;;10005;26;;;;;10000.0;620.0
0;41600;STARFRUIT;5038;26;;;;;5045;26;;;;;5041.5;692.953125
0;41700;AMETHYSTS;9995;23;;;;;10005;23;;;;;10000.0;620.0
0;41700;STARFRUIT;5042;2;5038;23;;;5045;23;;;;;5043.5;699.546875
0;41800;STARFRUIT;5038;21;;;;;5044;1;5045;21;;;5041.0;703.4296875
0;41800;AMETHYSTS;9996;1;9995;21;;;10004;1;10005;21;;;10000.0;620.0
0;41900;AMETHYSTS;9995;28;;;;;10002;8;10005;28;;;9998.5;620.0
0;41900;STARFRUIT;5038;28;;;;;5045;28;;;;;5041.5;699.015625
0;42000;AMETHYSTS;9996;1;9995;27;;;9998;1;10004;1;10005;27;9997.0;620.0
0;42000;STARFRUIT;5038;1;5037;27;;;5044;28;;;;;5041.0;707.0
0;42100;AMETHYSTS;10002;2;9995;22;;;10005;22;;;;;10003.5;622.0
0;42100;STARFRUIT;5039;7;5038;22;;;5045;22;;;;;5042.0;702.765625
0;42200;STARFRUIT;5038;22;;;;;5045;22;;;;;5041.5;690.8515625
0;42200;AMETHYSTS;9995;22;;;;;10005;22;;;;;10000.0;624.0
0;42300;AMETHYSTS;9996;2;9995;20;;;10004;2;10005;20;;;10000.0;624.0
0;42300;STARFRUIT;5039;22;;;;;5045;2;5046;20;;;5042.0;686.7109375
0;42400;AMETHYSTS;9996;2;9995;26;;;10002;2;10004;2;10005;26;9999.0;624.0
0;42400;STARFRUIT;5038;28;;;;;5045;28;;;;;5041.5;697.40625
0;42500;AMETHYSTS;9995;24;;;;;10005;24;;;;;10000.0;626.0
0;42500;STARFRUIT;5038;24;;;;;5043;2;5045;24;;;5040.5;698.8671875
0;42600;STARFRUIT;5043;1;5038;28;;;5045;28;;;;;5044.0;702.6171875
0;42600;AMETHYSTS;9995;28;;;;;10005;28;;;;;10000.0;626.0
0;42700;AMETHYSTS;9996;1;9995;23;;;10004;1;10005;23;;;10000.0;626.0
0;42700;STARFRUIT;5038;24;;;;;5044;1;5045;23;;;5041.0;704.671875
0;42800;AMETHYSTS;9995;29;;;;;10000;2;10005;29;;;9997.5;626.0
0;42800;STARFRUIT;5038;29;;;;;5041;2;5045;29;;;5039.5;703.875
0;42900;AMETHYSTS;10002;5;9995;20;;;10005;20;;;;;10003.5;626.0
0;42900;STARFRUIT;5038;20;;;;;5045;20;;;;;5041.5;701.90625
0;43000;STARFRUIT;5038;27;;;;;5045;27;;;;;5041.5;702.4296875
0;43000;AMETHYSTS;9996;1;9995;26;;;10002;6;10004;1;10005;26;9999.0;628.0
0;43100;AMETHYSTS;9998;9;9996;1;9995;24;10004;1;10005;24;;;10001.0;628.0
0;43100;STARFRUIT;5038;25;;;;;5045;25;;;;;5041.5;698.03125
0;43200;AMETHYSTS;9996;2;9995;29;;;10002;5;10004;2;10005;29;9999.0;628.0
0;43200;STARFRUIT;5038;31;;;;;5045;31;;;;;5041.5;700.5078125
0;43300;STARFRUIT;5043;1;5037;20;;;5044;20;;;;;5043.5;713.6875
0;43300;AMETHYSTS;9998;10;9995;20;;;10005;20;;;;;10001.5;634.0
0;43400;AMETHYSTS;9996;2;9995;22;;;10004;2;10005;22;;;10000.0;634.0
0;43400;STARFRUIT;5037;24;;;;;5043;2;5044;22;;;5040.0;724.046875
0;43500;AMETHYSTS;9996;1;9995;24;;;10002;7;10004;1;10005;24;9999.0;634.0
0;43500;STARFRUIT;5037;6;5036;25;;;5043;25;;;;;5040.0;734.109375
0;43600;AMETHYSTS;9995;22;;;;;10002;5;10005;22;;;9998.5;634.0
0;43600;STARFRUIT;5036;22;;;;;5041;1;5043;22;;;5038.5;735.1796875
0;43700;STARFRUIT;5037;1;5036;29;;;5043;30;;;;;5040.0;731.921875
0;43700;AMETHYSTS;9996;1;9995;29;;;10002;6;10004;1;10005;29;9999.0;634.0
0;43800;AMETHYSTS;9996;1;9995;22;;;10004;1;10005;22;;;10000.0;634.0
0;43800;STARFRUIT;5036;23;;;;;5043;23;;;;;5039.5;733.6953125
0;43900;AMETHYSTS;9996;2;9995;24;;;10002;2;10004;2;10005;24;9999.0;634.0
0;43900;STARFRUIT;5037;6;5036;26;;;5043;26;;;;;5040.0;738.9765625
0;44000;AMETHYSTS;10002;4;9998;10;9996;2;10004;2;10005;25;;;10003.0;634.0
0;44000;STARFRUIT;5036;27;;;;;5043;27;;;;;5039.5;745.9140625
0;44100;STARFRUIT;5036;24;;;;;5041;4;5042;2;5043;22;5038.5;748.828125
0;44100;AMETHYSTS;9996;2;9995;22;;;10004;2;10005;22;;;10000.0;640.0
0;44200;AMETHYSTS;9995;24;;;;;10005;24;;;;;10000.0;640.0
0;44200;STARFRUIT;5036;24;;;;;5043;24;;;;;5039.5;740.7578125
0;44300;AMETHYSTS;9996;2;9995;24;;;9998;2;10004;2;10005;24;9997.0;640.0
0;44300;STARFRUIT;5036;26;;;;;5042;2;5043;24;;;5039.0;747.7734375
0;44400;AMETHYSTS;9996;1;9995;25;;;10002;7;10004;1;10005;25;9999.0;644.0
0;44400;STARFRUIT;5037;1;5036;26;;;5043;26;;;;;5040.0;745.71875
0;44500;STARFRUIT;5036;30;;;;;5043;30;;;;;5039.5;746.046875
0;44500;AMETHYSTS;9995;30;;;;;10005;30;;;;;10000.0;644.0
0;44600;AMETHYSTS;9996;1;9995;21;;;10004;1;10005;21;;;10000.0;644.0
0;44600;STARFRUIT;5037;22;;;;;5043;1;5044;21;;;5040.0;731.1875
0;44700;AMETHYSTS;9996;2;9995;25;;;10004;2;10005;25;;;10000.0;644.0
0;44700;STARFRUIT;5037;27;;;;;5042;6;5044;27;;;5039.5;724.40625
0;44800;AMETHYSTS;9995;25;;;;;10005;25;;;;;10000.0;644.0
0;44800;STARFRUIT;5037;25;;;;;5042;3;5044;25;;;5039.5;731.0546875
0;44900;STARFRUIT;5037;2;5036;21;;;5043;23;;;;;5040.0;733.421875
0;44900;AMETHYSTS;9996;2;9995;21;;;10004;2;10005;21;;;10000.0;644.0
0;45000;AMETHYSTS;9996;1;9995;27;;;10004;1;10005;27;;;10000.0;644.0
0;45000;STARFRUIT;5036;28;;;;;5037;1;5043;28;;;5036.5;740.3671875
0;45100;AMETHYSTS;9995;27;;;;;9998;1;10005;27;;;9996.5;644.0
0;45100;STARFRUIT;5036;27;;;;;5043;27;;;;;5039.5;738.1875
0;45200;AMETHYSTS;10002;1;9996;1;9995;20;10004;1;10005;20;;;10003.0;646.0
0;45200;STARFRUIT;5036;20;;;;;5043;1;5044;20;;;5039.5;735.359375
0;45300;STARFRUIT;5037;22;;;;;5044;23;;;;;5040.5;726.984375
0;45300;AMETHYSTS;9995;23;;;;;10005;23;;;;;10000.0;648.0
0;45400;AMETHYSTS;9998;4;9995;25;;;10005;25;;;;;10001.5;648.0
0;45400;STARFRUIT;5037;25;;;;;5044;25;;;;;5040.5;723.0625
0;45500;AMETHYSTS;9996;1;9995;20;;;9998;3;10004;1;10005;20;9997.0;648.0
0;45500;STARFRUIT;5036;21;;;;;5037;3;5043;21;;;5036.5;748.546875
0;45600;AMETHYSTS;9996;1;9995;23;;;10004;1;10005;23;;;10000.0;654.0
0;45600;STARFRUIT;5037;1;5036;23;;;5041;6;5043;24;;;5039.0;747.6328125
0;45700;STARFRUIT;5037;2;5036;21;;;5043;23;;;;;5040.0;746.796875
0;45700;AMETHYSTS;10002;1;9996;2;9995;21;10004;2;10005;21;;;10003.0;654.0
0;45800;AMETHYSTS;10000;5;9998;7;9996;2;10004;2;10005;30;;;10002.0;656.0
0;45800;STARFRUIT;5040;5;5037;32;;;5044;32;;;;;5042.0;737.3125
0;45900;AMETHYSTS;9998;8;9996;1;9995;25;10004;1;10005;25;;;10001.0;656.0
0;45900;STARFRUIT;5037;25;;;;;5044;26;;;;;5040.5;728.3984375
0;46000;AMETHYSTS;9995;23;;;;;9998;1;10005;23;;;9996.5;656.0
0;46000;STARFRUIT;5037;23;;;;;5044;23;;;;;5040.5;732.2890625
0;46100;STARFRUIT;5039;4;5038;25;;;5045;25;;;;;5042.0;724.7734375
0;46100;AMETHYSTS;9995;25;;;;;10005;25;;;;;10000.0;674.0
0;46200;AMETHYSTS;9995;24;;;;;10005;24;;;;;10000.0;674.0
0;46200;STARFRUIT;5039;4;5038;24;;;5045;24;;;;;5042.0;723.6171875
0;46300;AMETHYSTS;9996;2;9995;26;;;10004;2;10005;26;;;10000.0;674.0
0;46300;STARFRUIT;5039;2;5038;26;;;5045;28;;;;;5042.0;712.859375
0;46400;AMETHYSTS;9995;24;;;;;10005;24;;;;;10000.0;674.0
0;46400;STARFRUIT;5044;1;5038;24;;;5045;24;;;;;5044.5;716.859375
0;46500;STARFRUIT;5042;2;5038;30;;;5045;30;;;;;5043.5;725.265625
0;46500;AMETHYSTS;9996;1;9995;29;;;9998;1;10004;1;10005;29;9997.0;674.0
0;46600;AMETHYSTS;9998;1;9995;28;;;10005;28;;;;;10001.5;676.0
0;46600;STARFRUIT;5044;1;5040;4;5039;28;5046;28;;;;;5045.0;712.4140625
0;46700;AMETHYSTS;9996;1;9995;29;;;10004;1;10005;29;;;10000.0;676.0
0;46700;STARFRUIT;5038;30;;;;;5045;30;;;;;5041.5;721.9375
0;46800;AMETHYSTS;9995;25;;;;;10005;25;;;;;10000.0;676.0
0;46800;STARFRUIT;5038;25;;;;;5045;25;;;;;5041.5;719.140625
0;46900;STARFRUIT;5039;30;;;;;5040;10;5045;1;5046;29;5039.5;713.828125
0;46900;AMETHYSTS;9996;1;9995;29;;;10002;3;10004;1;10005;29;9999.0;676.0
0;47000;AMETHYSTS;9996;1;9995;22;;;10004;1;10005;22;;;10000.0;676.0
0;47000;STARFRUIT;5039;23;;;;;5045;1;5046;22;;;5042.0;734.41796875
0;47100;AMETHYSTS;9995;22;;;;;9998;1;10005;22;;;9996.5;676.0
0;47100;STARFRUIT;5039;22;;;;;5046;22;;;;;5042.5;732.32421875
0;47200;AMETHYSTS;9996;2;9995;21;;;10004;2;10005;21;;;10000.0;678.0
0;47200;STARFRUIT;5044;1;5039;23;;;5046;23;;;;;5045.0;734.0859375
0;47300;STARFRUIT;5040;5;5039;21;;;5046;21;;;;;5043.0;735.03515625
0;47300;AMETHYSTS;9995;21;;;;;10005;21;;;;;10000.0;678.0
0;47400;AMETHYSTS;9998;7;9995;22;;;10005;22;;;;;10001.5;678.0
0;47400;STARFRUIT;5043;5;5038;22;;;5045;22;;;;;5044.0;744.75390625
0;47500;AMETHYSTS;9996;1;9995;21;;;9998;1;10004;1;10005;21;9997.0;678.0
0;47500;STARFRUIT;5037;22;;;;;5042;5;5044;22;;;5039.5;761.0625
0;47600;STARFRUIT;5037;21;;;;;5044;21;;;;;5040.5;762.4921875
0;47600;AMETHYSTS;9998;5;9995;21;;;10005;21;;;;;10001.5;680.0
0;47700;STARFRUIT;5037;23;;;;;5042;4;5044;23;;;5039.5;762.203125
0;47700;AMETHYSTS;9998;1;9995;23;;;10005;23;;;;;10001.5;680.0
0;47800;STARFRUIT;5038;20;;;;;5043;7;5045;20;;;5040.5;766.806640625
0;47800;AMETHYSTS;9995;20;;;;;10005;20;;;;;10000.0;680.0
0;47900;AMETHYSTS;9995;23;;;;;10005;23;;;;;10000.0;680.0
0;47900;STARFRUIT;5037;23;;;;;5044;23;;;;;5040.5;770.73046875
0;48000;STARFRUIT;5037;27;;;;;5044;27;;;;;5040.5;769.75390625
0;48000;AMETHYSTS;10002;2;9996;1;9995;26;10004;1;10005;26;;;10003.0;680.0
0;48100;STARFRUIT;5037;30;;;;;5042;1;5044;30;;;5039.5;769.44921875
0;48100;AMETHYSTS;9996;1;9995;29;;;10004;1;10005;29;;;10000.0;684.0
0;48200;STARFRUIT;5038;2;5037;26;;;5044;27;;;;;5041.0;767.3046875
0;48200;AMETHYSTS;9996;1;9995;26;;;10004;1;10005;26;;;10000.0;684.0
0;48300;AMETHYSTS;9998;4;9996;1;9995;20;10004;1;10005;20;;;10001.0;684.0
0;48300;STARFRUIT;5037;21;;;;;5038;4;5044;21;;;5037.5;768.955078125
0;48400;STARFRUIT;5037;32;;;;;5042;6;5044;32;;;5039.5;779.0
0;48400;AMETHYSTS;9996;2;9995;30;;;10004;2;10005;30;;;10000.0;684.0
0;48500;STARFRUIT;5037;29;;;;;5044;29;;;;;5040.5;779.0
0;48500;AMETHYSTS;9995;29;;;;;10005;29;;;;;10000.0;684.0
0;48600;STARFRUIT;5037;1;5036;26;;;5043;1;5044;26;;;5040.0;779.0
0;48600;AMETHYSTS;9996;1;9995;26;;;10004;1;10005;26;;;10000.0;684.0
0;48700;AMETHYSTS;9996;1;9995;22;;;10000;2;10004;1;10005;22;9998.0;684.0
0;48700;STARFRUIT;5036;23;;;;;5039;2;5043;23;;;5037.5;779.0
0;48800;STARFRUIT;5036;29;;;;;5043;29;;;;;5039.5;779.0
0;48800;AMETHYSTS;9996;1;9995;28;;;10004;1;10005;28;;;10000.0;684.0
0;48900;STARFRUIT;5036;21;;;;;5043;22;;;;;5039.5;779.0
0;48900;AMETHYSTS;9995;22;;;;;10005;22;;;;;10000.0;684.0
0;49000;STARFRUIT;5035;29;;;;;5042;29;;;;;5038.5;779.0
0;49000;AMETHYSTS;9996;1;9995;28;;;10004;1;10005;28;;;10000.0;684.0
0;49100;AMETHYSTS;9995;30;;;;;10005;30;;;;;10000.0;688.0
0;49100;STARFRUIT;5035;30;;;;;5042;30;;;;;5038.5;779.0
0;49200;STARFRUIT;5034;26;;;;;5041;26;;;;;5037.5;779.0
0;49200;AMETHYSTS;10002;3;9996;1;9995;25;10004;1;10005;25;;;10003.0;688.0
0;49300;STARFRUIT;5035;6;5034;29;;;5041;29;;;;;5038.0;779.0
0;49300;AMETHYSTS;9998;3;9995;29;;;10005;29;;;;;10001.5;690.0
0;49400;STARFRUIT;5035;23;;;;;5042;23;;;;;5038.5;779.0
0;49400;AMETHYSTS;9996;1;9995;22;;;10004;1;10005;22;;;10000.0;690.0
0;49500;AMETHYSTS;9996;1;9995;24;;;10004;1;10005;24;;;10000.0;690.0
0;49500;STARFRUIT;5035;25;;;;;5041;1;5042;24;;;5038.0;779.0
0;49600;STARFRUIT;5036;2;5035;28;;;5038;3;5042;30;;;5037.0;779.0
0;49600;AMETHYSTS;9996;2;9995;28;;;10000;3;10002;9;10004;2;9998.0;690.0
0;49700;STARFRUIT;5041;1;5036;6;5035;21;5042;21;;;;;5041.5;781.671875
0;49700;AMETHYSTS;9995;21;;;;;10005;21;;;;;10000.0;690.0
0;49800;AMETHYSTS;9995;20;;;;;10002;7;10005;20;;;9998.5;690.0
0;49800;STARFRUIT;5036;20;;;;;5037;1;5043;20;;;5036.5;785.23828125
0;49900;AMETHYSTS;9996;1;9995;23;;;10004;1;10005;23;;;10000.0;690.0
0;49900;STARFRUIT;5038;5;5037;24;;;5044;24;;;;;5041.0;791.900390625
0;50000;STARFRUIT;5037;26;;;;;5044;26;;;;;5040.5;792.232421875
0;50000;AMETHYSTS;9996;2;9995;24;;;10002;5;10004;2;10005;24;9999.0;690.0
0;50100;AMETHYSTS;10002;4;9996;2;9995;22;10004;2;10005;22;;;10003.0;690.0
0;50100;STARFRUIT;5037;24;;;;;5043;2;5044;22;;;5040.0;791.435546875
0;50200;AMETHYSTS;9996;1;9995;28;;;10004;1;10005;28;;;10000.0;690.0
0;50200;STARFRUIT;5036;29;;;;;5043;29;;;;;5039.5;790.2177734375
0;50300;AMETHYSTS;9995;23;;;;;10005;23;;;;;10000.0;690.0
0;50300;STARFRUIT;5036;23;;;;;5041;4;5043;23;;;5038.5;790.8349609375
0;50400;STARFRUIT;5037;2;5036;23;;;5038;3;5043;23;;;5037.5;790.4755859375
0;50400;AMETHYSTS;9996;2;9995;21;;;10004;2;10005;21;;;10000.0;690.0
0;50500;AMETHYSTS;10000;4;9998;7;9996;1;10004;1;10005;27;;;10002.0;690.0
0;50500;STARFRUIT;5039;4;5036;28;;;5043;28;;;;;5041.0;794.68359375
0;50600;AMETHYSTS;9998;7;9996;2;9995;22;10000;5;10004;2;10005;22;9999.0;690.0
0;50600;STARFRUIT;5036;24;;;;;5039;4;5043;24;;;5037.5;794.2265625
0;50700;AMETHYSTS;9998;9;9995;20;;;10005;20;;;;;10001.5;690.0
0;50700;STARFRUIT;5036;20;;;;;5043;20;;;;;5039.5;793.91796875
0;50800;STARFRUIT;5037;2;5036;26;;;5043;28;;;;;5040.0;795.982421875
0;50800;AMETHYSTS;9998;7;9996;2;9995;26;10004;2;10005;26;;;10001.0;690.0
0;50900;AMETHYSTS;9998;2;9995;30;;;10000;5;10005;30;;;9999.0;690.0
0;50900;STARFRUIT;5036;30;;;;;5037;1;5039;5;5043;30;5036.5;796.46484375
0;51000;AMETHYSTS;9996;2;9995;23;;;10004;2;10005;23;;;10000.0;690.0
0;51000;STARFRUIT;5037;25;;;;;5043;2;5044;23;;;5040.0;800.251953125
0;51100;AMETHYSTS;9995;29;;;;;10002;1;10005;29;;;9998.5;690.0
0;51100;STARFRUIT;5038;3;5037;29;;;5044;29;;;;;5041.0;804.3515625
0;51200;STARFRUIT;5037;30;;;;;5044;30;;;;;5040.5;804.140625
0;51200;AMETHYSTS;9995;30;;;;;10005;30;;;;;10000.0;690.0
0;51300;AMETHYSTS;9996;2;9995;23;;;9998;5;10002;5;10004;2;9997.0;690.0
0;51300;STARFRUIT;5038;2;5037;23;;;5044;25;;;;;5041.0;804.8984375
0;51400;AMETHYSTS;9996;1;9995;22;;;10004;1;10005;22;;;10000.0;700.0
0;51400;STARFRUIT;5037;23;;;;;5042;5;5044;23;;;5039.5;802.642578125
0;51500;AMETHYSTS;9995;21;;;;;10005;21;;;;;10000.0;700.0
0;51500;STARFRUIT;5037;21;;;;;5044;21;;;;;5040.5;804.203125
0;51600;STARFRUIT;5042;3;5038;2;5037;21;5044;23;;;;;5043.0;813.5693359375
0;51600;AMETHYSTS;9996;2;9995;21;;;10002;5;10004;2;10005;21;9999.0;704.0
0;51700;AMETHYSTS;9996;2;9995;30;;;10004;2;10005;30;;;10000.0;704.0
0;51700;STARFRUIT;5038;2;5037;30;;;5044;32;;;;;5041.0;817.212890625
0;51800;AMETHYSTS;9995;25;;;;;10005;25;;;;;10000.0;704.0
0;51800;STARFRUIT;5037;25;;;;;5044;25;;;;;5040.5;817.408203125
0;51900;AMETHYSTS;9996;2;9995;26;;;10004;2;10005;26;;;10000.0;704.0
0;51900;STARFRUIT;5037;28;;;;;5044;28;;;;;5040.5;817.7333984375
0;52000;AMETHYSTS;9998;2;9995;21;;;10000;5;10005;21;;;9999.0;704.0
0;52000;STARFRUIT;5038;5;5037;21;;;5040;5;5044;21;;;5039.0;817.45361328125
0;52100;AMETHYSTS;9996;1;9995;27;;;10004;1;10005;27;;;10000.0;704.0
0;52100;STARFRUIT;5038;1;5037;27;;;5044;28;;;;;5041.0;817.18310546875
0;52200;AMETHYSTS;9995;23;;;;;10005;23;;;;;10000.0;704.0
0;52200;STARFRUIT;5037;22;;;;;5044;23;;;;;5040.5;817.513671875
0;52300;STARFRUIT;5037;30;;;;;5044;30;;;;;5040.5;817.2548828125
0;52300;AMETHYSTS;9995;30;;;;;10005;30;;;;;10000.0;704.0
0;52400;AMETHYSTS;10002;3;9996;1;9995;20;10004;1;10005;20;;;10003.0;704.0
0;52400;STARFRUIT;5038;1;5037;21;;;5040;4;5044;21;;;5039.0;817.28564453125
0;52500;AMETHYSTS;9996;2;9995;25;;;10004;2;10005;25;;;10000.0;710.0
0;52500;STARFRUIT;5037;27;;;;;5043;2;5044;25;;;5040.0;817.84814453125
0;52600;AMETHYSTS;9996;1;9995;30;;;10004;1;10005;30;;;10000.0;710.0
0;52600;STARFRUIT;5037;31;;;;;5043;1;5044;30;;;5040.0;817.96533203125
0;52700;STARFRUIT;5042;1;5037;25;;;5043;1;5044;24;;;5042.5;817.9130859375
0;52700;AMETHYSTS;9996;1;9995;24;;;10002;9;10004;1;10005;24;9999.0;726.0
0;52800;AMETHYSTS;9996;2;9995;26;;;10004;2;10005;26;;;10000.0;726.0
0;52800;STARFRUIT;5042;1;5037;28;;;5044;28;;;;;5043.0;819.5322265625
0;52900;AMETHYSTS;9996;1;9995;26;;;10002;3;10004;1;10005;26;9999.0;726.0
0;52900;STARFRUIT;5036;27;;;;;5043;27;;;;;5039.5;823.5625
0;53000;AMETHYSTS;9996;1;9995;29;;;10004;1;10005;29;;;10000.0;726.0
0;53000;STARFRUIT;5036;1;5035;29;;;5042;30;;;;;5039.0;825.5185546875
0;53100;STARFRUIT;5036;2;5035;21;;;5042;2;5043;21;;;5039.0;825.0078125
0;53100;AMETHYSTS;9996;2;9995;21;;;9998;5;10004;2;10005;21;9997.0;726.0
0;53200;AMETHYSTS;9995;23;;;;;10005;23;;;;;10000.0;736.0
0;53200;STARFRUIT;5041;1;5036;23;;;5043;23;;;;;5042.0;823.734375
0;53300;AMETHYSTS;9995;20;;;;;10005;20;;;;;10000.0;736.0
0;53300;STARFRUIT;5036;20;;;;;5043;20;;;;;5039.5;826.564453125
0;53400;AMETHYSTS;9996;2;9995;30;;;9998;1;10004;2;10005;30;9997.0;736.0
0;53400;STARFRUIT;5038;7;5037;32;;;5044;32;;;;;5041.0;848.283203125
0;53500;STARFRUIT;5037;25;;;;;5042;2;5044;25;;;5039.5;849.05078125
0;53500;AMETHYSTS;9995;25;;;;;10002;7;10005;25;;;9998.5;738.0
0;53600;AMETHYSTS;9998;2;9996;1;9995;22;10004;1;10005;22;;;10001.0;738.0
0;53600;STARFRUIT;5037;23;;;;;5044;23;;;;;5040.5;849.62109375
0;53700;AMETHYSTS;9995;23;;;;;10005;23;;;;;10000.0;738.0
0;53700;STARFRUIT;5038;1;5037;23;;;5044;23;;;;;5041.0;849.23046875
0;53800;AMETHYSTS;9998;8;9995;29;;;10005;29;;;;;10001.5;738.0
0;53800;STARFRUIT;5037;29;;;;;5044;29;;;;;5040.5;847.958984375
0;53900;STARFRUIT;5038;1;5037;25;;;5040;4;5044;26;;;5039.0;850.298828125
0;53900;AMETHYSTS;9996;1;9995;25;;;10000;4;10002;8;10004;1;9998.0;738.0
0;54000;AMETHYSTS;9996;1;9995;21;;;10002;1;10004;1;10005;21;9999.0;738.0
0;54000;STARFRUIT;5038;7;5037;22;;;5044;22;;;;;5041.0;849.00390625
0;54100;AMETHYSTS;9996;1;9995;21;;;10004;1;10005;21;;;10000.0;738.0
0;54100;STARFRUIT;5038;4;5037;22;;;5043;1;5044;21;;;5040.5;847.341796875
0;54200;AMETHYSTS;9996;1;9995;20;;;10004;1;10005;20;;;10000.0;742.0
0;54200;STARFRUIT;5037;20;;;;;5043;1;5044;20;;;5040.0;850.1875
0;54300;STARFRUIT;5037;28;;;;;5043;2;5044;26;;;5040.0;850.201171875
0;54300;AMETHYSTS;10002;1;9996;2;9995;26;10004;2;10005;26;;;10003.0;742.0
0;54400;AMETHYSTS;9995;22;;;;;10005;22;;;;;10000.0;748.0
0;54400;STARFRUIT;5037;22;;;;;5044;22;;;;;5040.5;852.6748046875
0;54500;AMETHYSTS;9996;2;9995;27;;;10002;2;10004;2;10005;27;9999.0;748.0
0;54500;STARFRUIT;5038;29;;;;;5045;29;;;;;5041.5;853.716796875
0;54600;AMETHYSTS;10002;2;9996;1;9995;29;10004;1;10005;29;;;10003.0;748.0
0;54600;STARFRUIT;5038;30;;;;;5045;30;;;;;5041.5;854.357421875
0;54700;STARFRUIT;5038;1;5037;22;;;5044;1;5045;22;;;5041.0;852.9794921875
0;54700;AMETHYSTS;9996;1;9995;22;;;10004;1;10005;22;;;10000.0;752.0
0;54800;AMETHYSTS;9996;2;9995;23;;;10004;2;10005;23;;;10000.0;768.0
0;54800;STARFRUIT;5039;9;5038;23;;;5045;25;;;;;5042.0;857.5517578125
0;54900;AMETHYSTS;9996;2;9995;22;;;10004;2;10005;22;;;10000.0;768.0
0;54900;STARFRUIT;5038;24;;;;;5043;1;5045;24;;;5040.5;857.2333984375
0;55000;AMETHYSTS;9996;2;9995;20;;;10004;2;10005;20;;;10000.0;768.0
0;55000;STARFRUIT;5039;2;5038;20;;;5043;7;5045;22;;;5041.0;857.640625
0;55100;STARFRUIT;5039;26;;;;;5045;2;5046;24;;;5042.0;858.1533203125
0;55100;AMETHYSTS;9996;2;9995;24;;;10004;2;10005;24;;;10000.0;768.0
0;55200;AMETHYSTS;9998;8;9996;1;9995;25;10004;1;10005;25;;;10001.0;768.0
0;55200;STARFRUIT;5038;25;;;;;5045;26;;;;;5041.5;857.7216796875
0;55300;AMETHYSTS;9995;22;;;;;10002;5;10005;22;;;9998.5;768.0
0;55300;STARFRUIT;5039;22;;;;;5044;3;5046;22;;;5041.5;858.2431640625
0;55400;AMETHYSTS;9998;7;9996;1;9995;27;10004;1;10005;27;;;10001.0;768.0
0;55400;STARFRUIT;5039;6;5038;27;;;5045;28;;;;;5042.0;857.884765625
0;55500;STARFRUIT;5039;2;5038;22;;;5043;2;5045;24;;;5041.0;857.6640625
0;55500;AMETHYSTS;9996;2;9995;22;;;10004;2;10005;22;;;10000.0;768.0
0;55600;AMETHYSTS;9995;23;;;;;10002;9;10005;23;;;9998.5;768.0
0;55600;STARFRUIT;5038;23;;;;;5045;23;;;;;5041.5;857.66796875
0;55700;AMETHYSTS;9996;1;9995;21;;;10002;7;10004;1;10005;21;9999.0;768.0
0;55700;STARFRUIT;5038;22;;;;;5045;22;;;;;5041.5;857.212890625
0;55800;AMETHYSTS;9996;1;9995;25;;;10004;1;10005;25;;;10000.0;768.0
0;55800;STARFRUIT;5039;8;5038;26;;;5045;26;;;;;5042.0;857.4111328125
0;55900;STARFRUIT;5041;4;5038;20;;;5045;20;;;;;5043.0;857.078125
0;55900;AMETHYSTS;9995;20;;;;;10005;20;;;;;10000.0;768.0
0;56000;AMETHYSTS;10000;2;9996;1;9995;24;10002;6;10004;1;10005;24;10001.0;768.0
0;56000;STARFRUIT;5041;2;5038;25;;;5043;7;5045;25;;;5042.0;857.06640625
0;56100;AMETHYSTS;9996;1;9995;27;;;9998;1;10002;3;10004;1;9997.0;768.0
0;56100;STARFRUIT;5038;28;;;;;5044;1;5045;27;;;5041.0;856.126953125
0;56200;AMETHYSTS;9996;1;9995;30;;;10000;4;10004;1;10005;30;9998.0;770.0
0;56200;STARFRUIT;5038;31;;;;;5041;4;5044;1;5045;30;5039.5;856.31640625
0;56300;STARFRUIT;5038;28;;;;;5045;28;;;;;5041.5;856.3974609375
0;56300;AMETHYSTS;9995;28;;;;;10005;28;;;;;10000.0;770.0
0;56400;STARFRUIT;5038;29;;;;;5045;29;;;;;5041.5;856.4599609375
0;56400;AMETHYSTS;9996;2;9995;27;;;10004;2;10005;27;;;10000.0;770.0
0;56500;AMETHYSTS;9995;21;;;;;10002;9;10005;21;;;9998.5;770.0
0;56500;STARFRUIT;5038;21;;;;;5045;21;;;;;5041.5;856.8193359375
0;56600;STARFRUIT;5038;2;5037;28;;;5043;3;5044;2;5045;28;5040.5;855.98046875
0;56600;AMETHYSTS;9996;2;9995;28;;;10002;2;10004;2;10005;28;9999.0;770.0
0;56700;STARFRUIT;5038;2;5037;27;;;5039;4;5044;27;;;5038.5;855.7880859375
0;56700;AMETHYSTS;9998;5;9995;27;;;10005;27;;;;;10001.5;770.0
0;56800;STARFRUIT;5038;8;5037;23;;;5044;23;;;;;5041.0;861.828125
0;56800;AMETHYSTS;9995;23;;;;;10005;23;;;;;10000.0;770.0
0;56900;AMETHYSTS;9996;1;9995;20;;;10004;1;10005;20;;;10000.0;770.0
0;56900;STARFRUIT;5037;21;;;;;5044;21;;;;;5040.5;860.3828125
0;57000;STARFRUIT;5037;22;;;;;5044;22;;;;;5040.5;862.31640625
0;57000;AMETHYSTS;9996;2;9995;20;;;10002;10;10004;2;10005;20;9999.0;770.0
0;57100;STARFRUIT;5043;1;5037;24;;;5045;24;;;;;5044.0;864.09765625
0;57100;AMETHYSTS;9998;6;9995;24;;;10005;24;;;;;10001.5;770.0
0;57200;STARFRUIT;5038;1;5037;25;;;5044;26;;;;;5041.0;865.044921875
0;57200;AMETHYSTS;9998;5;9996;1;9995;25;10004;1;10005;25;;;10001.0;770.0
0;57300;AMETHYSTS;9996;1;9995;30;;;10004;1;10005;30;;;10000.0;770.0
0;57300;STARFRUIT;5038;31;;;;;5043;1;5044;1;5045;30;5040.5;866.919921875
0;57400;STARFRUIT;5038;28;;;;;5044;1;5045;27;;;5041.0;867.0546875
0;57400;AMETHYSTS;9996;1;9995;27;;;10004;1;10005;27;;;10000.0;770.0
0;57500;STARFRUIT;5038;2;5037;21;;;5044;21;;;;;5041.0;865.76171875
0;57500;AMETHYSTS;9995;21;;;;;10005;21;;;;;10000.0;770.0
0;57600;STARFRUIT;5040;5;5038;2;5037;20;5044;22;;;;;5042.0;865.474609375
0;57600;AMETHYSTS;10000;4;9996;2;9995;20;10004;2;10005;20;;;10002.0;770.0
0;57700;AMETHYSTS;9998;2;9996;1;9995;21;10004;1;10005;21;;;10001.0;770.0
0;57700;STARFRUIT;5037;22;;;;;5044;22;;;;;5040.5;862.884765625
0;57800;STARFRUIT;5038;7;5037;28;;;5044;28;;;;;5041.0;864.037109375
0;57800;AMETHYSTS;9996;2;9995;26;;;10002;4;10004;2;10005;26;9999.0;770.0
0;57900;STARFRUIT;5037;2;5036;26;;;5038;5;5043;28;;;5037.5;860.74609375
0;57900;AMETHYSTS;9996;2;9995;26;;;10004;2;10005;26;;;10000.0;770.0
0;58000;STARFRUIT;5037;28;;;;;5044;28;;;;;5040.5;873.359375
0;58000;AMETHYSTS;9995;28;;;;;10005;28;;;;;10000.0;770.0
0;58100;AMETHYSTS;9998;7;9995;20;;;10005;20;;;;;10001.5;770.0
0;58100;STARFRUIT;5037;20;;;;;5044;20;;;;;5040.5;883.302734375
0;58200;STARFRUIT;5037;29;;;;;5043;2;5044;27;;;5040.0;884.419921875
0;58200;AMETHYSTS;9996;2;9995;27;;;10004;2;10005;27;;;10000.0;774.0
0;58300;STARFRUIT;5037;2;5036;28;;;5043;30;;;;;5040.0;885.43359375
0;58300;AMETHYSTS;9996;2;9995;28;;;10004;2;10005;28;;;10000.0;774.0
0;58400;STARFRUIT;5037;25;;;;;5044;25;;;;;5040.5;884.326171875
0;58400;AMETHYSTS;9995;25;;;;;10005;25;;;;;10000.0;774.0
0;58500;AMETHYSTS;9998;3;9996;2;9995;20;10004;2;10005;20;;;10001.0;774.0
0;58500;STARFRUIT;5038;2;5037;20;;;5042;2;5044;22;;;5040.0;881.81640625
0;58600;STARFRUIT;5038;23;;;;;5045;23;;;;;5041.5;879.58984375
0;58600;AMETHYSTS;9996;1;9995;22;;;10004;1;10005;22;;;10000.0;774.0
0;58700;AMETHYSTS;9996;1;9995;29;;;9998;1;10000;4;10004;1;9997.0;776.0
0;58700;STARFRUIT;5038;30;;;;;5041;4;5044;1;5045;29;5039.5;882.431640625
0;58800;AMETHYSTS;9996;1;9995;30;;;10004;1;10005;30;;;10000.0;778.0
0;58800;STARFRUIT;5038;1;5037;30;;;5042;5;5044;31;;;5040.0;883.40625
0;58900;AMETHYSTS;9996;2;9995;23;;;10004;2;10005;23;;;10000.0;782.0
0;58900;STARFRUIT;5043;1;5037;25;;;5044;25;;;;;5043.5;884.0166015625
0;59000;STARFRUIT;5038;1;5037;23;;;5044;1;5045;23;;;5041.0;885.095703125
0;59000;AMETHYSTS;9996;1;9995;23;;;10004;1;10005;23;;;10000.0;782.0
0;59100;AMETHYSTS;9998;7;9996;1;9995;20;10004;1;10005;20;;;10001.0;782.0
0;59100;STARFRUIT;5038;1;5037;20;;;5044;21;;;;;5041.0;885.40625
0;59200;AMETHYSTS;10002;1;9996;2;9995;23;10004;2;10005;23;;;10003.0;782.0
0;59200;STARFRUIT;5042;10;5038;10;5037;23;5044;25;;;;;5043.0;885.83203125
0;59300;AMETHYSTS;9998;5;9995;22;;;10005;22;;;;;10001.5;784.0
0;59300;STARFRUIT;5036;22;;;;;5044;22;;;;;5040.0;908.9921875
0;59400;STARFRUIT;5036;23;;;;;5043;23;;;;;5039.5;912.6015625
0;59400;AMETHYSTS;10002;1;9995;23;;;10005;23;;;;;10003.5;784.0
0;59500;AMETHYSTS;9996;2;9995;22;;;10004;2;10005;22;;;10000.0;784.0
0;59500;STARFRUIT;5037;2;5036;22;;;5043;2;5044;22;;;5040.0;909.03125
0;59600;AMETHYSTS;10002;1;9996;1;9995;24;10004;1;10005;24;;;10003.0;784.0
0;59600;STARFRUIT;5037;25;;;;;5044;25;;;;;5040.5;903.7265625
0;59700;AMETHYSTS;9996;1;9995;25;;;10004;1;10005;25;;;10000.0;784.0
0;59700;STARFRUIT;5044;1;5038;26;;;5045;26;;;;;5044.5;887.28125
0;59800;STARFRUIT;5038;24;;;;;5045;24;;;;;5041.5;892.4140625
0;59800;AMETHYSTS;9998;9;9996;2;9995;22;10004;2;10005;22;;;10001.0;784.0
0;59900;AMETHYSTS;9996;2;9995;23;;;10004;2;10005;23;;;10000.0;784.0
0;59900;STARFRUIT;5038;2;5037;23;;;5042;4;5044;25;;;5040.0;899.4375
0;60000;AMETHYSTS;9996;1;9995;25;;;9998;3;10002;10;10004;1;9997.0;788.0
0;60000;STARFRUIT;5038;5;5037;26;;;5044;26;;;;;5041.0;900.30859375
0;60100;AMETHYSTS;9996;1;9995;27;;;10004;1;10005;27;;;10000.0;794.0
0;60100;STARFRUIT;5037;28;;;;;5044;28;;;;;5040.5;902.0234375
0;60200;STARFRUIT;5037;26;;;;;5044;26;;;;;5040.5;902.49609375
0;60200;AMETHYSTS;9996;1;9995;25;;;10004;1;10005;25;;;10000.0;794.0
0;60300;AMETHYSTS;9998;3;9996;1;9995;23;10004;1;10005;23;;;10001.0;794.0
0;60300;STARFRUIT;5037;24;;;;;5044;24;;;;;5040.5;902.94921875
0;60400;AMETHYSTS;9996;2;9995;22;;;9998;1;10004;2;10005;22;9997.0;794.0
0;60400;STARFRUIT;5037;24;;;;;5043;2;5044;22;;;5040.0;905.94921875
0;60500;AMETHYSTS;9995;25;;;;;10000;2;10005;25;;;9997.5;810.0
0;60500;STARFRUIT;5037;25;;;;;5040;2;5044;25;;;5038.5;906.19140625
0;60600;STARFRUIT;5037;21;;;;;5043;1;5044;21;;;5040.0;905.04296875
0;60600;AMETHYSTS;9996;1;9995;21;;;10004;1;10005;21;;;10000.0;810.0
0;60700;AMETHYSTS;9998;10;9995;24;;;10005;24;;;;;10001.5;850.0
0;60700;STARFRUIT;5042;9;5037;24;;;5044;24;;;;;5043.0;902.109375
0;60800;AMETHYSTS;9996;2;9995;26;;;10004;2;10005;26;;;10000.0;850.0
0;60800;STARFRUIT;5043;1;5037;28;;;5044;28;;;;;5043.5;911.953125
0;60900;STARFRUIT;5043;1;5037;29;;;5044;29;;;;;5043.5;913.109375
0;60900;AMETHYSTS;9998;10;9995;29;;;10005;29;;;;;10001.5;850.0
0;61000;AMETHYSTS;9996;1;9995;25;;;9998;1;10004;1;10005;25;9997.0;850.0
0;61000;STARFRUIT;5037;26;;;;;5044;26;;;;;5040.5;916.5390625
0;61100;AMETHYSTS;9996;2;9995;29;;;10004;2;10005;29;;;10000.0;852.0
0;61100;STARFRUIT;5037;31;;;;;5044;31;;;;;5040.5;925.796875
0;61200;AMETHYSTS;9998;1;9995;22;;;10005;22;;;;;10001.5;852.0
0;61200;STARFRUIT;5038;5;5037;22;;;5039;3;5044;22;;;5038.5;916.3125
0;61300;STARFRUIT;5036;27;;;;;5043;27;;;;;5039.5;937.4140625
0;61300;AMETHYSTS;9995;27;;;;;10005;27;;;;;10000.0;852.0
0;61400;AMETHYSTS;9995;28;;;;;10005;28;;;;;10000.0;852.0
0;61400;STARFRUIT;5037;28;;;;;5044;28;;;;;5040.5;929.46875
0;61500;AMETHYSTS;9998;4;9995;22;;;10005;22;;;;;10001.5;852.0
0;61500;STARFRUIT;5042;1;5037;22;;;5044;22;;;;;5043.0;931.8203125
0;61600;AMETHYSTS;9996;1;9995;27;;;10004;1;10005;27;;;10000.0;852.0
0;61600;STARFRUIT;5037;28;;;;;5044;28;;;;;5040.5;925.4609375
0;61700;STARFRUIT;5037;23;;;;;5044;23;;;;;5040.5;923.2734375
0;61700;AMETHYSTS;9996;2;9995;21;;;10004;2;10005;21;;;10000.0;852.0
0;61800;AMETHYSTS;9996;2;9995;24;;;10004;2;10005;24;;;10000.0;852.0
0;61800;STARFRUIT;5037;26;;;;;5038;1;5044;26;;;5037.5;925.46875
0;61900;AMETHYSTS;9995;28;;;;;10002;8;10005;28;;;9998.5;852.0
0;61900;STARFRUIT;5037;28;;;;;5044;28;;;;;5040.5;922.796875
0;62000;AMETHYSTS;9995;24;;;;;10005;24;;;;;10000.0;852.0
0;62000;STARFRUIT;5037;24;;;;;5044;24;;;;;5040.5;942.68359375
0;62100;STARFRUIT;5037;27;;;;;5043;2;5044;25;;;5040.0;945.76171875
0;62100;AMETHYSTS;9996;2;9995;25;;;10002;3;10004;2;10005;25;9999.0;852.0
0;62200;AMETHYSTS;9998;9;9996;2;9995;22;10004;2;10005;22;;;10001.0;852.0
0;62200;STARFRUIT;5037;24;;;;;5042;1;5044;24;;;5039.5;942.015625
0;62300;AMETHYSTS;9995;21;;;;;10005;21;;;;;10000.0;852.0
0;62300;STARFRUIT;5037;21;;;;;5044;21;;;;;5040.5;940.71484375
0;62400;AMETHYSTS;9995;24;;;;;10005;24;;;;;10000.0;852.0
0;62400;STARFRUIT;5037;24;;;;;5044;24;;;;;5040.5;940.5
0;62500;STARFRUIT;5038;2;5037;25;;;5044;27;;;;;5041.0;940.328125
0;62500;AMETHYSTS;9996;2;9995;25;;;10004;2;10005;25;;;10000.0;852.0
0;62600;AMETHYSTS;9998;6;9996;1;9995;21;10004;1;10005;21;;;10001.0;852.0
0;62600;STARFRUIT;5038;1;5037;21;;;5044;22;;;;;5041.0;940.1015625
0;62700;AMETHYSTS;9998;3;9995;25;;;10005;25;;;;;10001.5;852.0
0;62700;STARFRUIT;5037;25;;;;;5044;25;;;;;5040.5;944.3671875
0;62800;AMETHYSTS;9995;22;;;;;10005;22;;;;;10000.0;852.0
0;62800;STARFRUIT;5037;22;;;;;5044;22;;;;;5040.5;971.7578125
0;62900;STARFRUIT;5037;22;;;;;5043;2;5044;20;;;5040.0;980.03125
0;62900;AMETHYSTS;10002;11;9998;3;9996;2;10004;2;10005;20;;;10003.0;900.0
0;63000;AMETHYSTS;9995;30;;;;;10005;30;;;;;10000.0;922.0
0;63000;STARFRUIT;5037;30;;;;;5044;30;;;;;5040.5;969.4765625
0;63100;AMETHYSTS;9995;30;;;;;9998;1;10005;30;;;9996.5;922.0
0;63100;STARFRUIT;5037;30;;;;;5044;30;;;;;5040.5;966.484375
0;63200;AMETHYSTS;9996;1;9995;24;;;10004;1;10005;24;;;10000.0;924.0
0;63200;STARFRUIT;5038;25;;;;;5044;1;5045;24;;;5041.0;960.796875
0;63300;STARFRUIT;5043;1;5038;30;;;5045;30;;;;;5044.0;957.1015625
0;63300;AMETHYSTS;10002;4;9995;30;;;10005;30;;;;;10003.5;924.0
0;63400;AMETHYSTS;9996;2;9995;22;;;10004;2;10005;22;;;10000.0;932.0
0;63400;STARFRUIT;5038;24;;;;;5044;2;5045;22;;;5041.0;962.2265625
0;63500;AMETHYSTS;9995;28;;;;;10005;28;;;;;10000.0;932.0
0;63500;STARFRUIT;5038;3;5037;28;;;5044;28;;;;;5041.0;968.890625
0;63600;AMETHYSTS;9995;22;;;;;10005;22;;;;;10000.0;932.0
0;63600;STARFRUIT;5042;1;5037;22;;;5044;22;;;;;5043.0;974.3984375
0;63700;STARFRUIT;5037;21;;;;;5040;5;5042;7;5044;21;5038.5;977.8359375
0;63700;AMETHYSTS;9995;21;;;;;10000;5;10002;7;10005;21;9997.5;932.0
0;63800;AMETHYSTS;9996;1;9995;27;;;9998;1;10004;1;10005;27;9997.0;932.0
0;63800;STARFRUIT;5036;1;5035;27;;;5042;28;;;;;5039.0;998.5390625
0;63900;AMETHYSTS;9995;22;;;;;10000;2;10005;22;;;9997.5;934.0
0;63900;STARFRUIT;5035;22;;;;;5039;2;5043;22;;;5037.0;997.6640625
0;64000;AMETHYSTS;9995;30;;;;;9998;11;10002;10;10005;30;9996.5;934.0
0;64000;STARFRUIT;5036;2;5035;30;;;5042;30;;;;;5039.0;1003.3359375
0;64100;STARFRUIT;5036;28;;;;;5041;4;5042;2;5043;26;5038.5;996.140625
0;64100;AMETHYSTS;9996;2;9995;26;;;10002;4;10004;2;10005;26;9999.0;956.0
0;64200;AMETHYSTS;9996;2;9995;25;;;10004;2;10005;25;;;10000.0;956.0
0;64200;STARFRUIT;5036;27;;;;;5043;27;;;;;5039.5;992.6875
0;64300;AMETHYSTS;9998;4;9996;2;9995;20;10004;2;10005;20;;;10001.0;956.0
0;64300;STARFRUIT;5036;2;5035;22;;;5042;22;;;;;5039.0;1001.7578125
0;64400;AMETHYSTS;9996;2;9995;27;;;10004;2;10005;27;;;10000.0;956.0
0;64400;STARFRUIT;5036;4;5035;29;;;5042;29;;;;;5039.0;1003.5390625
0;64500;STARFRUIT;5036;7;5035;22;;;5042;22;;;;;5039.0;1004.3359375
0;64500;AMETHYSTS;9996;2;9995;20;;;10004;2;10005;20;;;10000.0;956.0
0;64600;AMETHYSTS;9996;2;9995;27;;;10004;2;10005;27;;;10000.0;956.0
0;64600;STARFRUIT;5036;2;5035;27;;;5042;29;;;;;5039.0;998.609375
0;64700;AMETHYSTS;10002;1;9996;1;9995;28;10004;1;10005;28;;;10003.0;980.0
0;64700;STARFRUIT;5036;1;5035;28;;;5042;1;5043;28;;;5039.0;997.9921875
0;64800;AMETHYSTS;9996;1;9995;20;;;10004;1;10005;20;;;10000.0;982.0
0;64800;STARFRUIT;5036;20;;;;;5042;1;5043;20;;;5039.0;995.1953125
0;64900;STARFRUIT;5036;2;5035;30;;;5042;32;;;;;5039.0;1000.0859375
0;64900;AMETHYSTS;9996;2;9995;30;;;9998;4;10002;10;10004;2;9997.0;982.0
0;65000;AMETHYSTS;9996;1;9995;26;;;10002;5;10004;1;10005;26;9999.0;984.0
0;65000;STARFRUIT;5041;1;5036;27;;;5042;1;5043;26;;;5041.5;997.0
0;65100;AMETHYSTS;9998;10;9996;1;9995;25;10004;1;10005;25;;;10001.0;984.0
0;65100;STARFRUIT;5036;1;5035;25;;;5042;26;;;;;5039.0;1001.6328125
0;65200;AMETHYSTS;9996;1;9995;28;;;10002;6;10004;1;10005;28;9999.0;984.0
0;65200;STARFRUIT;5037;2;5036;29;;;5042;1;5043;28;;;5039.5;996.4453125
0;65300;STARFRUIT;5036;29;;;;;5041;1;5043;29;;;5038.5;997.25
0;65300;AMETHYSTS;9995;29;;;;;10002;9;10005;29;;;9998.5;984.0
0;65400;STARFRUIT;5035;21;;;;;5037;2;5042;21;;;5036.0;1004.640625
0;65400;AMETHYSTS;9998;10;9995;21;;;10005;21;;;;;10001.5;984.0
0;65500;AMETHYSTS;9995;20;;;;;10005;20;;;;;10000.0;984.0
0;65500;STARFRUIT;5035;20;;;;;5042;20;;;;;5038.5;1009.9609375
0;65600;STARFRUIT;5036;6;5035;20;;;5042;20;;;;;5039.0;1009.1328125
0;65600;AMETHYSTS;9998;3;9995;20;;;10005;20;;;;;10001.5;984.0
0;65700;STARFRUIT;5035;24;;;;;5036;1;5043;24;;;5035.5;1003.765625
0;65700;AMETHYSTS;9995;24;;;;;10005;24;;;;;10000.0;984.0
0;65800;STARFRUIT;5037;1;5036;30;;;5043;30;;;;;5040.0;1002.4375
0;65800;AMETHYSTS;10002;4;9995;30;;;10005;30;;;;;10003.5;984.0
0;65900;AMETHYSTS;9996;2;9995;24;;;10004;2;10005;24;;;10000.0;992.0
0;65900;STARFRUIT;5037;2;5036;24;;;5043;26;;;;;5040.0;994.3125
0;66000;STARFRUIT;5037;7;5036;24;;;5043;25;;;;;5040.0;994.76171875
0;66000;AMETHYSTS;9996;1;9995;24;;;10004;1;10005;24;;;10000.0;992.0
0;66100;STARFRUIT;5042;1;5037;25;;;5043;2;5044;23;;;5042.5;991.6875
0;66100;AMETHYSTS;9996;2;9995;23;;;10004;2;10005;23;;;10000.0;992.0
0;66200;STARFRUIT;5041;5;5037;23;;;5043;1;5044;22;;;5042.0;993.625
0;66200;AMETHYSTS;10002;1;9996;1;9995;22;10004;1;10005;22;;;10003.0;996.0
0;66300;AMETHYSTS;10000;3;9995;20;;;10002;5;10005;20;;;10001.0;998.0
0;66300;STARFRUIT;5040;3;5037;20;;;5044;20;;;;;5042.0;991.59375
0;66400;STARFRUIT;5037;2;5036;24;;;5043;26;;;;;5040.0;1008.6328125
0;66400;AMETHYSTS;9996;2;9995;24;;;10004;2;10005;24;;;10000.0;998.0
0;66500;STARFRUIT;5042;1;5037;31;;;5043;1;5044;30;;;5042.5;1006.609375
0;66500;AMETHYSTS;9996;1;9995;30;;;10004;1;10005;30;;;10000.0;998.0
0;66600;STARFRUIT;5037;31;;;;;5044;31;;;;;5040.5;1005.09375
0;66600;AMETHYSTS;10002;3;9998;1;9996;2;10004;2;10005;29;;;10003.0;998.0
0;66700;AMETHYSTS;9996;1;9995;25;;;10004;1;10005;25;;;10000.0;1004.0
0;66700;STARFRUIT;5038;5;5037;26;;;5044;26;;;;;5041.0;1001.8359375
0;66800;STARFRUIT;5038;1;5037;25;;;5044;26;;;;;5041.0;994.40625
0;66800;AMETHYSTS;9996;1;9995;25;;;10004;1;10005;25;;;10000.0;1004.0
0;66900;STARFRUIT;5037;3;5036;20;;;5043;20;;;;;5040.0;1012.90625
0;66900;AMETHYSTS;9995;20;;;;;10005;20;;;;;10000.0;1004.0
0;67000;STARFRUIT;5036;24;;;;;5042;2;5043;22;;;5039.0;1026.3359375
0;67000;AMETHYSTS;9998;1;9996;2;9995;22;10004;2;10005;22;;;10001.0;1004.0
0;67100;AMETHYSTS;9996;1;9995;25;;;10004;1;10005;25;;;10000.0;1004.0
0;67100;STARFRUIT;5036;26;;;;;5043;26;;;;;5039.5;1018.7890625
0;67200;STARFRUIT;5036;23;;;;;5041;6;5043;23;;;5038.5;1019.25
0;67200;AMETHYSTS;9995;23;;;;;10005;23;;;;;10000.0;1004.0
0;67300;STARFRUIT;5038;1;5037;22;;;5043;1;5044;21;;;5040.5;1005.890625
0;67300;AMETHYSTS;9996;1;9995;21;;;10004;1;10005;21;;;10000.0;1004.0
0;67400;STARFRUIT;5038;8;5037;29;;;5044;29;;;;;5041.0;1005.5
0;67400;AMETHYSTS;9996;1;9995;28;;;10004;1;10005;28;;;10000.0;1004.0
0;67500;AMETHYSTS;9995;22;;;;;10005;22;;;;;10000.0;1020.0
0;67500;STARFRUIT;5037;22;;;;;5044;22;;;;;5040.5;994.3828125
0;67600;STARFRUIT;5038;1;5037;25;;;5044;26;;;;;5041.0;993.59375
0;67600;AMETHYSTS;9996;1;9995;25;;;10004;1;10005;25;;;10000.0;1020.0
0;67700;AMETHYSTS;9996;2;9995;21;;;10000;3;10004;2;10005;21;9998.0;1020.0
0;67700;STARFRUIT;5037;23;;;;;5040;3;5044;23;;;5038.5;1001.2265625
0;67800;AMETHYSTS;9996;2;9995;30;;;10004;2;10005;30;;;10000.0;1020.0
0;67800;STARFRUIT;5038;6;5037;32;;;5044;32;;;;;5041.0;1001.578125
0;67900;AMETHYSTS;9995;26;;;;;10005;26;;;;;10000.0;1032.0
0;67900;STARFRUIT;5036;26;;;;;5043;26;;;;;5039.5;1013.3203125
0;68000;STARFRUIT;5042;1;5036;25;;;5043;25;;;;;5042.5;1015.3359375
0;68000;AMETHYSTS;9995;25;;;;;10002;5;10005;25;;;9998.5;1032.0
0;68100;AMETHYSTS;9996;1;9995;26;;;10002;8;10004;1;10005;26;9999.0;1032.0
0;68100;STARFRUIT;5037;7;5036;27;;;5042;1;5043;26;;;5039.5;1028.171875
0;68200;AMETHYSTS;9996;1;9995;23;;;9998;1;10004;1;10005;23;9997.0;1032.0
0;68200;STARFRUIT;5036;1;5035;23;;;5042;24;;;;;5039.0;1035.515625
0;68300;AMETHYSTS;9996;1;9995;25;;;10002;4;10004;1;10005;25;9999.0;1034.0
0;68300;STARFRUIT;5035;1;5034;25;;;5041;26;;;;;5038.0;1055.203125
0;68400;STARFRUIT;5034;31;;;;;5041;31;;;;;5037.5;1058.875
0;68400;AMETHYSTS;10002;1;9996;1;9995;30;10004;1;10005;30;;;10003.0;1034.0
0;68500;AMETHYSTS;9996;1;9995;22;;;10004;1;10005;22;;;10000.0;1036.0
0;68500;STARFRUIT;5035;1;5034;22;;;5039;5;5041;23;;;5037.0;1052.515625
0;68600;AMETHYSTS;9995;27;;;;;9998;1;10005;27;;;9996.5;1038.0
0;68600;STARFRUIT;5034;27;;;;;5042;27;;;;;5038.0;1052.0625
0;68700;AMETHYSTS;9998;10;9996;2;9995;20;10004;2;10005;20;;;10001.0;1040.0
0;68700;STARFRUIT;5035;22;;;;;5041;2;5042;20;;;5038.0;1050.453125
0;68800;STARFRUIT;5035;1;5034;30;;;5037;6;5041;1;5042;30;5036.0;1052.1875
0;68800;AMETHYSTS;9996;1;9995;30;;;10000;6;10002;1;10004;1;9998.0;1040.0
0;68900;AMETHYSTS;9998;3;9996;2;9995;23;10004;2;10005;23;;;10001.0;1040.0
0;68900;STARFRUIT;5035;25;;;;;5041;2;5042;23;;;5038.0;1055.96875
0;69000;AMETHYSTS;9996;1;9995;27;;;10004;1;10005;27;;;10000.0;1040.0
0;69000;STARFRUIT;5035;28;;;;;5041;1;5042;27;;;5038.0;1057.0625
0;69100;AMETHYSTS;9996;1;9995;25;;;10004;1;10005;25;;;10000.0;1040.0
0;69100;STARFRUIT;5036;1;5035;26;;;5041;1;5042;25;;;5038.5;1057.3828125
0;69200;STARFRUIT;5035;21;;;;;5042;21;;;;;5038.5;1055.7109375
0;69200;AMETHYSTS;9996;1;9995;20;;;10002;8;10004;1;10005;20;9999.0;1040.0
0;69300;AMETHYSTS;9996;1;9995;23;;;10004;1;10005;23;;;10000.0;1040.0
0;69300;STARFRUIT;5035;1;5034;23;;;5041;24;;;;;5038.0;1061.296875
0;69400;AMETHYSTS;9995;22;;;;;10005;22;;;;;10000.0;1040.0
0;69400;STARFRUIT;5035;4;5034;22;;;5041;22;;;;;5038.0;1069.9375
0;69500;AMETHYSTS;9996;1;9995;30;;;10002;8;10004;1;10005;30;9999.0;1040.0
0;69500;STARFRUIT;5034;2;5033;31;;;5039;1;5040;30;;;5036.5;1082.54296875
0;69600;STARFRUIT;5033;27;;;;;5040;27;;;;;5036.5;1078.27734375
0;69600;AMETHYSTS;9996;2;9995;25;;;10004;2;10005;25;;;10000.0;1040.0
0;69700;AMETHYSTS;10002;1;9996;2;9995;24;10004;2;10005;24;;;10003.0;1040.0
0;69700;STARFRUIT;5033;26;;;;;5040;26;;;;;5036.5;1079.0
0;69800;AMETHYSTS;9996;1;9995;22;;;10004;1;10005;22;;;10000.0;1042.0
0;69800;STARFRUIT;5034;22;;;;;5040;1;5041;22;;;5037.0;1070.859375
0;69900;STARFRUIT;5034;26;;;;;5040;2;5041;24;;;5037.0;1071.16796875
0;69900;AMETHYSTS;10002;1;9998;10;9996;2;10004;2;10005;24;;;10003.0;1042.0
0;70000;AMETHYSTS;9996;2;9995;28;;;10004;2;10005;28;;;10000.0;1044.0
0;70000;STARFRUIT;5034;2;5033;28;;;5040;2;5041;28;;;5037.0;1071.87890625
0;70100;AMETHYSTS;10002;1;9995;27;;;10005;27;;;;;10003.5;1044.0
0;70100;STARFRUIT;5033;27;;;;;5034;1;5040;27;;;5033.5;1076.390625
0;70200;AMETHYSTS;9996;2;9995;28;;;10004;2;10005;28;;;10000.0;1046.0
0;70200;STARFRUIT;5033;30;;;;;5040;30;;;;;5036.5;1077.9765625
0;70300;STARFRUIT;5034;5;5033;24;;;5040;25;;;;;5037.0;1077.3359375
0;70300;AMETHYSTS;9998;10;9996;1;9995;24;10004;1;10005;24;;;10001.0;1046.0
0;70400;AMETHYSTS;10002;13;9996;2;9995;29;10004;2;10005;29;;;10003.0;1046.0
0;70400;STARFRUIT;5034;31;;;;;5041;31;;;;;5037.5;1072.87890625
0;70500;AMETHYSTS;10002;1;9995;21;;;10005;21;;;;;10003.5;1072.0
0;70500;STARFRUIT;5034;21;;;;;5035;3;5041;21;;;5034.5;1073.42578125
0;70600;AMETHYSTS;10002;1;10000;3;9996;1;10004;1;10005;22;;;10003.0;1074.0
0;70600;STARFRUIT;5036;2;5034;1;5033;22;5040;1;5041;22;;;5038.0;1083.1484375
0;70700;STARFRUIT;5033;27;;;;;5040;27;;;;;5036.5;1087.0859375
0;70700;AMETHYSTS;9995;27;;;;;10005;27;;;;;10000.0;1076.0
0;70800;AMETHYSTS;9996;2;9995;20;;;9998;5;10002;8;10004;2;9997.0;1080.0
0;70800;STARFRUIT;5033;22;;;;;5040;22;;;;;5036.5;1092.53125
0;70900;AMETHYSTS;9995;21;;;;;10005;21;;;;;10000.0;1090.0
0;70900;STARFRUIT;5033;21;;;;;5034;1;5040;21;;;5033.5;1089.7421875
0;71000;AMETHYSTS;9996;2;9995;28;;;9998;3;10004;2;10005;28;9997.0;1090.0
0;71000;STARFRUIT;5034;2;5033;28;;;5038;1;5040;30;;;5036.0;1089.484375
0;71100;STARFRUIT;5035;6;5034;30;;;5041;30;;;;;5038.0;1084.73828125
0;71100;AMETHYSTS;9998;4;9995;30;;;10005;30;;;;;10001.5;1096.0
0;71200;AMETHYSTS;9996;1;9995;27;;;9998;1;10004;1;10005;27;9997.0;1096.0
0;71200;STARFRUIT;5035;1;5034;27;;;5041;28;;;;;5038.0;1079.56640625
0;71300;AMETHYSTS;9996;2;9995;28;;;10004;2;10005;28;;;10000.0;1098.0
0;71300;STARFRUIT;5035;2;5034;28;;;5040;8;5041;2;5042;28;5037.5;1078.0625
0;71400;AMETHYSTS;10002;2;9996;2;9995;25;10004;2;10005;25;;;10003.0;1098.0
0;71400;STARFRUIT;5036;2;5035;25;;;5040;6;5042;27;;;5038.0;1069.73828125
0;71500;STARFRUIT;5035;26;;;;;5040;5;5042;26;;;5037.5;1070.640625
0;71500;AMETHYSTS;9995;26;;;;;10005;26;;;;;10000.0;1110.0
0;71600;AMETHYSTS;9998;7;9996;2;9995;29;10004;2;10005;29;;;10001.0;1110.0
0;71600;STARFRUIT;5035;31;;;;;5042;31;;;;;5038.5;1070.37890625
0;71700;AMETHYSTS;9996;1;9995;25;;;9998;1;10004;1;10005;25;9997.0;1110.0
0;71700;STARFRUIT;5035;26;;;;;5042;26;;;;;5038.5;1071.0390625
0;71800;AMETHYSTS;9995;22;;;;;9998;1;10005;22;;;9996.5;1112.0
0;71800;STARFRUIT;5035;22;;;;;5042;22;;;;;5038.5;1071.3203125
0;71900;STARFRUIT;5036;30;;;;;5043;30;;;;;5039.5;1066.13671875
0;71900;AMETHYSTS;9996;2;9995;28;;;10004;2;10005;28;;;10000.0;1114.0
0;72000;AMETHYSTS;9998;2;9996;1;9995;23;10004;1;10005;23;;;10001.0;1114.0
0;72000;STARFRUIT;5036;24;;;;;5043;24;;;;;5039.5;1066.19140625
0;72100;AMETHYSTS;9996;2;9995;24;;;9998;1;10004;2;10005;24;9997.0;1114.0
0;72100;STARFRUIT;5035;26;;;;;5042;26;;;;;5038.5;1072.33203125
0;72200;AMETHYSTS;9995;25;;;;;9998;1;10005;25;;;9996.5;1116.0
0;72200;STARFRUIT;5035;25;;;;;5042;25;;;;;5038.5;1073.7734375
0;72300;STARFRUIT;5036;1;5035;22;;;5040;3;5042;23;;;5038.0;1071.7109375
0;72300;AMETHYSTS;9996;1;9995;22;;;10004;1;10005;22;;;10000.0;1118.0
0;72400;AMETHYSTS;9995;25;;;;;10005;25;;;;;10000.0;1118.0
0;72400;STARFRUIT;5036;25;;;;;5043;25;;;;;5039.5;1065.4140625
0;72500;AMETHYSTS;10000;4;9996;2;9995;20;10004;2;10005;20;;;10002.0;1118.0
0;72500;STARFRUIT;5039;4;5037;2;5036;20;5043;22;;;;;5041.0;1061.98828125
0;72600;AMETHYSTS;9998;8;9995;28;;;10005;28;;;;;10001.5;1118.0
0;72600;STARFRUIT;5036;28;;;;;5043;28;;;;;5039.5;1062.4296875
0;72700;STARFRUIT;5036;28;;;;;5043;28;;;;;5039.5;1067.93359375
0;72700;AMETHYSTS;9995;28;;;;;10005;28;;;;;10000.0;1118.0
0;72800;AMETHYSTS;9996;2;9995;27;;;10004;2;10005;27;;;10000.0;1118.0
0;72800;STARFRUIT;5036;29;;;;;5037;8;5043;29;;;5036.5;1065.75
0;72900;AMETHYSTS;9996;1;9995;22;;;10002;4;10004;1;10005;22;9999.0;1118.0
0;72900;STARFRUIT;5037;2;5036;23;;;5043;23;;;;;5040.0;1085.65380859375
0;73000;AMETHYSTS;9995;21;;;;;10005;21;;;;;10000.0;1118.0
0;73000;STARFRUIT;5036;21;;;;;5041;8;5043;21;;;5038.5;1085.11181640625
0;73100;STARFRUIT;5037;28;;;;;5042;3;5043;1;5044;27;5039.5;1084.85595703125
0;73100;AMETHYSTS;9996;1;9995;27;;;10002;7;10004;1;10005;27;9999.0;1118.0
0;73200;AMETHYSTS;9996;1;9995;23;;;10002;7;10004;1;10005;23;9999.0;1118.0
0;73200;STARFRUIT;5037;24;;;;;5044;24;;;;;5040.5;1084.52392578125
0;73300;AMETHYSTS;9996;2;9995;23;;;10004;2;10005;23;;;10000.0;1118.0
0;73300;STARFRUIT;5037;25;;;;;5044;25;;;;;5040.5;1084.23291015625
0;73400;AMETHYSTS;9995;30;;;;;10002;6;10005;30;;;9998.5;1118.0
0;73400;STARFRUIT;5038;30;;;;;5045;30;;;;;5041.5;1083.92724609375
0;73500;STARFRUIT;5038;25;;;;;5044;1;5045;24;;;5041.0;1083.80859375
0;73500;AMETHYSTS;9998;6;9996;1;9995;24;10004;1;10005;24;;;10001.0;1118.0
0;73600;AMETHYSTS;9995;30;;;;;9998;1;10005;30;;;9996.5;1118.0
0;73600;STARFRUIT;5038;30;;;;;5045;30;;;;;5041.5;1083.712890625
0;73700;AMETHYSTS;10002;4;9995;25;;;10005;25;;;;;10003.5;1128.0
0;73700;STARFRUIT;5038;25;;;;;5045;25;;;;;5041.5;1088.30517578125
0;73800;AMETHYSTS;9998;1;9996;1;9995;21;10004;1;10005;21;;;10001.0;1136.0
0;73800;STARFRUIT;5038;22;;;;;5045;22;;;;;5041.5;1088.498046875
0;73900;STARFRUIT;5038;27;;;;;5046;27;;;;;5042.0;1089.00341796875
0;73900;AMETHYSTS;9995;27;;;;;10005;27;;;;;10000.0;1136.0
0;74000;AMETHYSTS;10000;5;9996;2;9995;27;10004;2;10005;27;;;10002.0;1144.0
0;74000;STARFRUIT;5041;6;5039;7;5038;29;5045;29;;;;;5043.0;1095.34130859375
0;74100;AMETHYSTS;9998;5;9996;1;9995;23;10004;1;10005;23;;;10001.0;1144.0
0;74100;STARFRUIT;5042;3;5038;24;;;5045;24;;;;;5043.5;1095.51806640625
0;74200;STARFRUIT;5038;31;;;;;5043;7;5045;31;;;5040.5;1095.62353515625
0;74200;AMETHYSTS;9996;1;9995;30;;;10002;1;10004;1;10005;30;9999.0;1144.0
0;74300;STARFRUIT;5039;1;5038;26;;;5043;3;5045;27;;;5041.0;1095.10888671875
0;74300;AMETHYSTS;9998;6;9996;1;9995;26;10004;1;10005;26;;;10001.0;1144.0
0;74400;STARFRUIT;5039;23;;;;;5046;23;;;;;5042.5;1094.515625
0;74400;AMETHYSTS;9996;2;9995;21;;;10004;2;10005;21;;;10000.0;1144.0
0;74500;AMETHYSTS;9996;2;9995;24;;;10004;2;10005;24;;;10000.0;1144.0
0;74500;STARFRUIT;5044;1;5043;3;5039;26;5046;26;;;;;5045.0;1094.6689453125
0;74600;STARFRUIT;5040;1;5039;29;;;5046;29;;;;;5043.0;1096.5283203125
0;74600;AMETHYSTS;9996;2;9995;27;;;9998;2;10004;2;10005;27;9997.0;1144.0
0;74700;STARFRUIT;5039;27;;;;;5046;27;;;;;5042.5;1096.3671875
0;74700;AMETHYSTS;9996;1;9995;26;;;10004;1;10005;26;;;10000.0;1148.0
0;74800;STARFRUIT;5039;3;5038;24;;;5045;26;;;;;5042.0;1097.0625
0;74800;AMETHYSTS;9996;2;9995;24;;;10004;2;10005;24;;;10000.0;1148.0
0;74900;AMETHYSTS;9996;1;9995;27;;;10004;1;10005;27;;;10000.0;1148.0
0;74900;STARFRUIT;5039;1;5038;27;;;5045;1;5046;27;;;5042.0;1097.0458984375
0;75000;STARFRUIT;5039;1;5038;21;;;5045;22;;;;;5042.0;1097.1884765625
0;75000;AMETHYSTS;9996;1;9995;21;;;9998;4;10004;1;10005;21;9997.0;1148.0
0;75100;STARFRUIT;5039;2;5038;26;;;5045;2;5046;26;;;5042.0;1097.0205078125
0;75100;AMETHYSTS;9996;2;9995;26;;;10002;8;10004;2;10005;26;9999.0;1156.0
0;75200;STARFRUIT;5040;7;5039;31;;;5046;31;;;;;5043.0;1096.3818359375
0;75200;AMETHYSTS;9996;1;9995;30;;;10004;1;10005;30;;;10000.0;1156.0
0;75300;AMETHYSTS;9998;7;9996;1;9995;26;10004;1;10005;26;;;10001.0;1156.0
0;75300;STARFRUIT;5040;27;;;;;5046;1;5047;26;;;5043.0;1094.859375
0;75400;STARFRUIT;5039;25;;;;;5046;25;;;;;5042.5;1096.30078125
0;75400;AMETHYSTS;9995;25;;;;;10005;25;;;;;10000.0;1156.0
0;75500;STARFRUIT;5039;23;;;;;5046;23;;;;;5042.5;1096.0107421875
0;75500;AMETHYSTS;9996;1;9995;22;;;10004;1;10005;22;;;10000.0;1156.0
0;75600;STARFRUIT;5039;2;5038;23;;;5045;2;5046;23;;;5042.0;1096.9765625
0;75600;AMETHYSTS;9996;2;9995;23;;;9998;9;10004;2;10005;23;9997.0;1160.0
